3251 5125
2444 409 2522 471 1⁷

274 577 414 638 huic
443 579 642 638 libelli
668 581 803 640 loco
834 577 1157 645 intermisse
1188 578 1471 656 quasdam
1498 578 2000 656 Pythagoreorum
2024 579 2527 658 Orphicorumque

275 681 365 741 dc⁴
388 683 720 742 animarum
762 686 895 758 post
933 686 1174 742 mortem
1212 685 1366 742 statu
1404 683 1734 760 opiniones3
1779 684 1841 741 in
1882 685 2047 744 cuius
2078 684 2333 743 auctoris
2360 685 2528 744 libris

275 783 338 842 ei
394 784 628 843 oblatae
681 785 798 842 sint
848 786 1000 844 tales
1043 775 1325 860 imagines
1370 783 1506 845 dein
1549 801 1917 859 quaeramus,
2004 784 2239 859 Cogites
2283 783 2530 845 forsitan

277 886 354 945 de
391 885 650 946 Castoris
694 887 926 962 scriptis
970 886 1197 946 Rhodii.
1271 887 1364 962 At,
1392 886 1540 946 haec
1582 885 1735 946 nihil
1778 905 1935 946 nunc
1974 891 2110 947 sunt
2145 888 2257 947 nisi
2293 887 2529 946 nomina

274 992 343 1048 ut
393 993 556 1048 certa
607 991 921 1048 enucleare
974 1007 1093 1048 non
1135 990 1444 1065 possimus.
1533 989 1835 1050 Plutarchi
1880 989 2011 1050 fons
2058 993 2185 1049 erat
2228 989 2529 1052 Posidonii

275 1092 343 1149 in
380 1092 647 1150 Platonis
676 1092 980 1150 Timaeum
1019 1093 1481 1152 commentarius.
1546 1090 1675 1162 Quo
1714 1093 1777 1150 in
1813 1093 2197 1152 celeberrImo
2238 1110 2415 1169 opere
2453 1091 2530 1150 ad

275 1193 430 1252 Tim.
461 1194 622 1252 421)
668 1187 950 1274 (ἔσπειρε
1009 1193 1110 1270 [sc.
1147 1185 1334 1270 θεὸς]
1388 1185 1548 1267 τούς
1597 1189 1723 1274 μὲν
1774 1191 1865 1268 εἰς
1918 1194 2067 1275 γῆν,
2119 1187 2281 1268 τοὺς
2335 1193 2395 1256 δ’
2438 1191 2529 1266 εἰς
2610 1179 2616 1186 ’

276 1286 586 1378 σελήνην,
641 1287 802 1381 τοὺς
857 1293 917 1357 δ’
961 1291 1052 1368 εἰς
1105 1283 1324 1358 τᾶλλα
1380 1285 1506 1364 ὅσα
1561 1285 1815 1377 ὄργανα
1852 1291 2132 1376 χρόνου)
2176 1296 2530 1357 Plutarchus

275 1395 669 1474 Orphicorum
714 1397 1342 1474 Pythagoreorumque.
1376 1398 1451 1480 de
1493 1400 1639 1457 luna
1683 1400 2007 1458 animarum
2051 1398 2191 1458 sede
2235 1399 2532 1458 doctrinas

276 1502 429 1576 legit
483 1518 705 1576 suoque
762 1502 1001 1576 ingenio
1061 1519 1136 1560 ex
1191 1502 1315 1560 illis
1369 1502 1671 1562 contexuit
1720 1503 2034 1578 imaginem
2079 1519 2208 1560 eam
2252 1520 2425 1577 quam
2469 1502 2531 1560 in

277 1607 541 1663 extremo
596 1603 670 1663 de
714 1604 864 1664 faeie
908 1605 970 1662 in
1015 1605 1155 1665 orbe
1199 1606 1378 1663 lunae
1420 1605 1635 1664 libello
1678 1605 1943 1664 videmus
1989 1605 2299 1680 expictam.
2384 1603 2531 1663 Inde

278 1709 458 1767 etiam
496 1707 721 1781 aliquid
759 1709 910 1766 lucis
949 1709 1170 1773 affulsit
1205 1709 1275 1767 iis
1316 1725 1467 1782 quae
1505 1709 1660 1768 inter
1696 1726 1760 1768 se
1799 1708 2195 1784 discrepantia
2226 1707 2532 1783 Plutarchi

278 1812 342 1869 in
401 1810 606 1884 mytho⁴
663 1828 840 1886 supra
897 1811 1231 1882 statuimus3
1291 1812 1505 1870 etenim
1555 1813 1619 1869 in
1671 1829 1803 1887 cap.
1832 1812 1913 1869 28
1967 1829 2187 1870 meram
2233 1811 2533 1870 Posidonii

275 1912 462 1989 ipsius
500 1912 822 1972 doctrinam
856 1912 1240 1986 adumbravit,
1275 1913 1338 1971 in
1367 1931 1496 1990 cap.
1517 1915 1616 1985 29,
1642 1915 1724 1973 30
1753 1931 1894 1973 vero
1922 1915 2150 1973 rettulit
2179 1913 2532 1973 Plutarchus

279 2013 672 2091 Orphicorum
711 2019 771 2074 et
799 2015 1300 2091 Pythagoreorum
1338 2017 1659 2076 sententias
1694 2017 1756 2074 in
1786 2016 2088 2076 Posidonii
2119 2017 2193 2075 ad
2226 2016 2531 2075 Timaeum

279 2119 698 2177 commentario
745 2119 968 2177 citatas.
1057 2119 1150 2177 Ex
1194 2116 1398 2178 eodem
1444 2118 1748 2178 Posidonii
1789 2119 2205 2196 commentario
2250 2119 2532 2194 originem

280 2219 512 2280 ducunt.
549 2238 620 2282 ea
664 2238 815 2294 quae
855 2219 1208 2288 Plutarchus
1251 2222 1466 2281 similia
1509 2221 1773 2301 explicat
1815 2225 1987 2282 amat.
2028 2239 2079 2282 c.
2103 2222 2183 2278 20
2228 2239 2284 2297 p.
2311 2222 2431 2280 766
2456 2221 2531 2278 Β;

275 2319 558 2406 άληθῶς
609 2315 931 2404 ἐρωτικὸς
984 2318 1124 2384 ἐκεῖ
1174 2316 1534 2404 γενόμενος
1584 2320 1699 2384 καὶ
1750 2329 1895 2398 τοῖς·
1944 2325 2178 2398 καλοῖς
2220 2315 2533 2406 ὁμιλήσας

414 2473 428 2486 .
489 2421 859 2506 ἐπτέρωται
926 2423 1041 2486 καὶ
1103 2423 1598 2506 κατωργίασται
1667 2425 1777 2486 καὶ
1848 2425 2140 2488 διατελεῖ
2194 2423 2351 2507 περὶ
2408 2419 2533 2486 τὸν

281 2523 501 2591 αὑτοῦ
574 2523 748 2591 θεὸν
820 2518 964 2590 ἄνω
1031 2521 1341 2610 χορεύων
1413 2526 1528 2591 καὶ
1601 2527 2144 2612 συμπεριπολῶν,
2226 2520 2372 2610 ἄχρι
2448 2525 2528 2590 οὑ
2634 2521 2639 2526 ’

279 2624 496 2694 πάλιν
525 2628 640 2704 ,εἰς
691 2627 854 2705 τούς
899 2626 1200 2715 Σελήνης
1255 2630 1366 2693 καὶ
1413 2626 1801 2715 Ἀφροδίτης
1856 2631 2184 2713 λειμῶνας
2205 2633 2249 2708 1)
2302 2624 2534 2693 ἐλθών

254 2718 398 2794 ’καὶ
442 2728 898 2815 καταδαρθών
941 2726 1169 2813 ἑτέρας
1211 2726 1490 2816 ἄρχηται
1535 2730 1873 2815 γενέσεως.

455 2844 882 2904 Posterioribus
924 2845 1281 2920 temporibus
1318 2846 1428 2903 illa
1467 2848 1700 2905 vetusta
1736 2844 2239 2921 Pythagoreorum
2278 2843 2354 2903 de
2391 2846 2536 2903 luna

281 2948 607 3006 animarum
664 2946 807 3006 sede
864 2948 1154 3006 sententia
1209 2948 1424 3007 revixit
1475 2947 1633 3023 apud
1688 2965 1787 3007 eos
1841 2949 1941 3022 qui
1984 2946 2355 3022 disciplinam
2400 2950 2535 3006 sunt

277 3049 532 3127 professi
595 3050 1170 3124 Neoplatonicorum.
1283 3048 1670 3109 Iamblichum
1741 3048 1991 3109 exhibeo
2056 3051 2157 3124 qui
2219 3050 2283 3107 in
2330 3050 2533 3124 primo

283 3152 360 3212 dc
427 3154 752 3213 animarum
819 3152 1107 3212 descensu
1169 3153 1364 3229 operis
1422 3153 1579 3213 libro
1639 3152 1787 3213 haec
1845 3154 2108 3229 explicat
2165 3153 2397 3226 (Iambl.
2442 3169 2534 3227 ap.

279 3256 458 3315 Laur.
494 3255 644 3329 Lyd.
689 3255 764 3316 de
807 3273 988 3315 mens.
1025 3256 1110 3314 IV
1147 3256 1266 3314 149
1314 3256 1395 3333 [p.
1428 3257 1562 3329 167,
1587 3256 1670 3313 24
1688 3273 1731 3315 s.
1772 3254 2141 3331 WuenschD:
2198 3244 2321 3317 τὸν
2364 3251 2532 3335 ὑπὲρ

265 3349 559 3441 ,σελήνης
610 3348 792 3437 ἄχρις
844 3352 1041 3440 ἡλίου
1089 3362 1320 3440 χῶρον
1364 3357 1464 3439 τῷ
1503 3344 1681 3437 Ἅιδῃ
1725 3352 1951 3431 διδούς
1995 3358 2097 3433 (sc.
2135 3350 2537 3437 Ἰάμβλιχος),

281 3457 444 3538 παρ’
494 3444 551 3541 ᾧ
602 3476 762 3543 φησι
819 3456 930 3519 καὶ
991 3453 1110 3533 τὰς
1163 3454 1748 3541 ἐκκεκαθαρμένας
1800 3452 2070 3522 ἑστάναι
2116 3453 2361 3540 ψυχάς,
2420 3456 2536 3520 καὶ

285 3554 501 3623 αὐτὸν
535 3559 659 3643 μὲν
700 3552 870 3623 εἶναι
907 3555 1030 3624 τὸν
1062 3556 1460 3637 Πλούτωνα,
1499 3558 1940 3645 Περσεφόνην
1972 3560 2042 3624 δὲ
2072 3555 2196 3645 τὴν
2226 3554 2532 3645 σελήνην.

281 3664 496 3739 Neque
561 3666 750 3723 minus
816 3665 973 3741 apud
1030 3666 1088 3723 Ν
1091 3664 1558 3741 eopythagoreos
1575 3666 1625 3739 ²)
1688 3664 1836 3725 haee
1902 3666 2191 3724 sententia
2247 3665 2536 3741 reperitur

285 3766 364 3826 cf.
419 3765 739 3844 [Oce-llum]
807 3769 876 3826 de
931 3770 1182 3828 univers.
1233 3774 1359 3827 nat.
1410 3769 1468 3826 II
1499 3770 1536 3826 2
1599 3768 1681 3845 [p.
1720 3770 1837 3828 160
1894 3768 2209 3845 Mullach]:
2279 3756 2537 3847 Ἰσθμός

285 3860 413 3950 γάρ
481 3863 663 3931 ἐστιν
730 3858 1104 3944 ἀθανασίας
1174 3868 1287 3932 καὶ
1353 3868 1672 3952 γενέσεως
1739 3866 1775 3931 ὁ
1842 3867 1996 3952 περὶ
2062 3866 2191 3951 τὴν
2257 3862 2536 3955 σελήνην

462 4137 505 4204 ¹)
540 4134 896 4205 Orphicorum
931 4153 1143 4192 rursum
1178 4138 1322 4207 sapit
1352 4138 1637 4209 originem,
1672 4154 1903 4207 quorum
1930 4137 1985 4191 in
2014 4137 2229 4207 hymnis
2261 4137 2535 4192 excultam·

285 4222 540 4277 videmus
596 4223 782 4277 Lunae
848 4228 907 4277 et
963 4223 1192 4279 Veneris
1259 4222 1632 4279 confusionem
1694 4222 1761 4277 cf.
1815 4224 2080 4279 Roscher.
2140 4222 2325 4278 Selene
2382 4239 2436 4291 p.
2470 4228 2535 4279 83

285 4308 476 4363 adnot.
499 4312 628 4377 3263
662 4308 978 4363 Duemmler
1011 4324 1095 4379 ap.
1127 4304 1601 4379 Pauly-wissowa
1634 4309 1661 4363 1
1686 4314 1717 4364 2
1753 4326 1806 4379 p.
1836 4313 1984 4364 2772.

460 4403 506 4470 2)
540 4400 620 4457 cf.
652 4401 828 4458 Zeller
861 4402 944 4457 111
969 4406 1032 4456 2⁴
1067 4420 1122 4473 p.
1148 4407 1242 4458 149
1277 4403 1460 4459 adnot.
1487 4410 1534 4459 5.

2198 4512 2228 4562 2
