<?xml version="1.0" encoding="UTF-8"?>
<!DOCTYPE html PUBLIC "-//W3C//DTD XHTML 1.0 Transitional//EN"
    "http://www.w3.org/TR/xhtml1/DTD/xhtml1-transitional.dtd">
<html xmlns="http://www.w3.org/1999/xhtml" xml:lang="en" lang="en">
 <head>
  <title>
</title>
<meta http-equiv="Content-Type" content="text/html;charset=utf-8" />
  <meta name='ocr-system' content='tesseract 3.04.00' />
  <meta name='ocr-capabilities' content='ocr_page ocr_carea ocr_par ocr_line ocrx_word'/>
</head>
<body>
  <div class='ocr_page' id='page_1' title='image "./delvnastellisla00capegoog_0025.png"; bbox 0 0 3251 5125; ppageno 0'>
   <div class='ocr_carea' id='block_1_1' title="bbox 2493 399 2680 464">
    <p class='ocr_par' dir='ltr' id='par_1_1' title="bbox 2493 399 2680 464">
     <span class='ocr_line' id='line_1_1' title="bbox 2493 399 2680 464; baseline 0 0"><span class='ocrx_word' id='word_1_1' title='bbox 2493 399 2680 464; x_wconf 69' lang='lat'>15·</span> 
     </span>
    </p>
   </div>
   <div class='ocr_carea' id='block_1_2' title="bbox 279 579 2626 4531">
    <p class='ocr_par' dir='ltr' id='par_1_2' title="bbox 279 579 2626 4531">
     <span class='ocr_line' id='line_1_2' title="bbox 317 579 2569 661; baseline -0.002 -18"><span class='ocrx_word' id='word_1_2' title='bbox 317 599 446 661; x_wconf 89' lang='lat' dir='ltr'>cap.</span> <span class='ocrx_word' id='word_1_3' title='bbox 479 583 558 643; x_wconf 89' lang='grc'>29</span> <span class='ocrx_word' id='word_1_4' title='bbox 605 602 660 660; x_wconf 89' lang='lat' dir='ltr'>p.</span> <span class='ocrx_word' id='word_1_5' title='bbox 693 581 884 644; x_wconf 77' lang='lat'>9440</span> <span class='ocrx_word' id='word_1_6' title='bbox 927 585 990 642; x_wconf 90' lang='lat' dir='ltr'>in</span> <span class='ocrx_word' id='word_1_7' title='bbox 1031 581 1286 642; x_wconf 85' lang='lat' dir='ltr'>Hecates</span> <span class='ocrx_word' id='word_1_8' title='bbox 1332 597 1586 641; x_wconf 77' lang='lat' dir='ltr'>caverna</span> <span class='ocrx_word' id='word_1_9' title='bbox 1630 579 1850 640; x_wconf 88' lang='lat' dir='ltr'>iudicia</span> <span class='ocrx_word' id='word_1_10' title='bbox 1890 580 2033 640; x_wconf 84' lang='lat' dir='ltr'>fiunt</span> <span class='ocrx_word' id='word_1_11' title='bbox 2073 579 2147 640; x_wconf 88' lang='lat' dir='ltr'>de</span> <span class='ocrx_word' id='word_1_12' title='bbox 2189 579 2569 639; x_wconf 86' lang='lat' dir='ltr'>daemonibus</span> 
     </span>
     <span class='ocr_line' id='line_1_3' title="bbox 314 679 2565 755; baseline -0.001 -11"><span class='ocrx_word' id='word_1_13' title='bbox 314 689 350 745; x_wconf 89' lang='lat' dir='ltr'>i.</span> <span class='ocrx_word' id='word_1_14' title='bbox 385 704 436 746; x_wconf 89' lang='lat' dir='ltr'>e.</span> <span class='ocrx_word' id='word_1_15' title='bbox 486 687 794 747; x_wconf 85' lang='lat' dir='ltr'>lunaribus</span> <span class='ocrx_word' id='word_1_16' title='bbox 853 687 1077 745; x_wconf 88' lang='lat' dir='ltr'>animis.</span> <span class='ocrx_word' id='word_1_17' title='bbox 1187 685 1410 755; x_wconf 80' lang='lat' dir='ltr'>Quibus</span> <span class='ocrx_word' id='word_1_18' title='bbox 1470 685 1543 744; x_wconf 88' lang='lat' dir='ltr'>de</span> <span class='ocrx_word' id='word_1_19' title='bbox 1604 685 1795 744; x_wconf 88' lang='lat' dir='ltr'>causis</span> <span class='ocrx_word' id='word_1_20' title='bbox 1848 683 1961 744; x_wconf 93' lang='lat' dir='ltr'>hoc</span> <span class='ocrx_word' id='word_1_21' title='bbox 2012 679 2113 742; x_wconf 83' lang='lat' dir='ltr'>fiat</span> <span class='ocrx_word' id='word_1_22' title='bbox 2162 684 2333 742; x_wconf 91' lang='lat' dir='ltr'>nullo</span> <span class='ocrx_word' id='word_1_23' title='bbox 2384 683 2565 741; x_wconf 85' lang='lat' dir='ltr'>verbo</span> 
     </span>
     <span class='ocr_line' id='line_1_4' title="bbox 315 782 2568 864; baseline -0.003 -17"><span class='ocrx_word' id='word_1_24' title='bbox 315 789 637 864; x_wconf 89' lang='lat' dir='ltr'>stringitur.</span> <span class='ocrx_word' id='word_1_25' title='bbox 725 786 975 846; x_wconf 81' lang='lat' dir='ltr'>Inferius</span> <span class='ocrx_word' id='word_1_26' title='bbox 1031 786 1264 861; x_wconf 89' lang='lat' dir='ltr'>quidem</span> <span class='ocrx_word' id='word_1_27' title='bbox 1318 787 1392 860; x_wconf 91' lang='lat' dir='ltr'>(c.</span> <span class='ocrx_word' id='word_1_28' title='bbox 1426 786 1505 843; x_wconf 84' lang='lat'>30</span> <span class='ocrx_word' id='word_1_29' title='bbox 1559 803 1616 860; x_wconf 91' lang='lat' dir='ltr'>p.</span> <span class='ocrx_word' id='word_1_30' title='bbox 1649 784 1772 842; x_wconf 85' lang='lat'>944</span> <span class='ocrx_word' id='word_1_31' title='bbox 1796 786 1874 860; x_wconf 92' lang='lat' dir='ltr'>D)</span> <span class='ocrx_word' id='word_1_32' title='bbox 1929 786 2200 842; x_wconf 83' lang='lat' dir='ltr'>narratur</span> <span class='ocrx_word' id='word_1_33' title='bbox 2253 782 2568 842; x_wconf 87' lang='lat' dir='ltr'>daemones</span> 
     </span>
     <span class='ocr_line' id='line_1_5' title="bbox 316 885 2569 966; baseline -0.003 -16"><span class='ocrx_word' id='word_1_34' title='bbox 316 891 573 950; x_wconf 85' lang='lat' dir='ltr'>cuiusvis</span> <span class='ocrx_word' id='word_1_35' title='bbox 625 891 856 966; x_wconf 86' lang='lat' dir='ltr'>generis</span> <span class='ocrx_word' id='word_1_36' title='bbox 902 888 1316 965; x_wconf 78' lang='lat' dir='ltr'><strong>cupiditatibus</strong></span> <span class='ocrx_word' id='word_1_37' title='bbox 1360 888 1673 962; x_wconf 87' lang='lat' dir='ltr'>indulgere</span> <span class='ocrx_word' id='word_1_38' title='bbox 1718 905 2053 962; x_wconf 86' lang='lat' dir='ltr'>poenasque</span> <span class='ocrx_word' id='word_1_39' title='bbox 2096 888 2280 946; x_wconf 90' lang='lat' dir='ltr'>luere.</span> <span class='ocrx_word' id='word_1_40' title='bbox 2366 887 2451 945; x_wconf 83' lang='lat' dir='ltr'>At</span> <span class='ocrx_word' id='word_1_41' title='bbox 2494 885 2569 944; x_wconf 88' lang='lat' dir='ltr'>de</span> 
     </span>
     <span class='ocr_line' id='line_1_6' title="bbox 303 987 2567 1067; baseline -0.003 -14"><span class='ocrx_word' id='word_1_42' title='bbox 303 993 429 1054; x_wconf 84' lang='lat' dir='ltr'>hoc</span> <span class='ocrx_word' id='word_1_43' title='bbox 487 1008 640 1052; x_wconf 88' lang='lat' dir='ltr'>novo</span> <span class='ocrx_word' id='word_1_44' title='bbox 699 993 912 1052; x_wconf 89' lang='lat' dir='ltr'>iudicio</span> <span class='ocrx_word' id='word_1_45' title='bbox 971 993 1059 1050; x_wconf 88' lang='lat' dir='ltr'>nil</span> <span class='ocrx_word' id='word_1_46' title='bbox 1115 990 1431 1067; x_wconf 86' lang='lat' dir='ltr'>legendum</span> <span class='ocrx_word' id='word_1_47' title='bbox 1491 995 1576 1050; x_wconf 88' lang='lat' dir='ltr'>est</span> <span class='ocrx_word' id='word_1_48' title='bbox 1637 991 1699 1048; x_wconf 91' lang='lat' dir='ltr'>in</span> <span class='ocrx_word' id='word_1_49' title='bbox 1753 1008 1879 1066; x_wconf 88' lang='lat' dir='ltr'>cap.</span> <span class='ocrx_word' id='word_1_50' title='bbox 1912 991 2009 1048; x_wconf 90' lang='grc'>28.</span> <span class='ocrx_word' id='word_1_51' title='bbox 2106 987 2359 1048; x_wconf 88' lang='lat' dir='ltr'>Accedit</span> <span class='ocrx_word' id='word_1_52' title='bbox 2410 988 2567 1063; x_wconf 90' lang='lat' dir='ltr'>quod</span> 
     </span>
     <span class='ocr_line' id='line_1_7' title="bbox 315 1091 2568 1171; baseline -0.002 -18"><span class='ocrx_word' id='word_1_53' title='bbox 315 1114 444 1171; x_wconf 87' lang='lat' dir='ltr'>cap.</span> <span class='ocrx_word' id='word_1_54' title='bbox 481 1095 561 1154; x_wconf 95' lang='grc'>28</span> <span class='ocrx_word' id='word_1_55' title='bbox 621 1097 850 1154; x_wconf 90' lang='lat' dir='ltr'>animae</span> <span class='ocrx_word' id='word_1_56' title='bbox 911 1097 1026 1152; x_wconf 86' lang='lat' dir='ltr'>iam</span> <span class='ocrx_word' id='word_1_57' title='bbox 1087 1093 1162 1152; x_wconf 88' lang='lat' dir='ltr'>ad</span> <span class='ocrx_word' id='word_1_58' title='bbox 1216 1111 1496 1152; x_wconf 85' lang='lat' dir='ltr'>summam</span> <span class='ocrx_word' id='word_1_59' title='bbox 1547 1096 2008 1168; x_wconf 89' lang='lat' dir='ltr'>penetraverunt</span> <span class='ocrx_word' id='word_1_60' title='bbox 2057 1091 2568 1165; x_wconf 81' lang='lat' dir='ltr'>immortalitatem,</span> 
     </span>
     <span class='ocr_line' id='line_1_8' title="bbox 315 1192 2567 1272; baseline -0.002 -16"><span class='ocrx_word' id='word_1_61' title='bbox 315 1215 444 1272; x_wconf 85' lang='lat' dir='ltr'>cap.</span> <span class='ocrx_word' id='word_1_62' title='bbox 482 1198 561 1256; x_wconf 82' lang='lat'>29</span> <span class='ocrx_word' id='word_1_63' title='bbox 623 1200 815 1256; x_wconf 91' lang='lat' dir='ltr'>autem</span> <span class='ocrx_word' id='word_1_64' title='bbox 874 1199 1053 1255; x_wconf 86' lang='lat' dir='ltr'>lunae</span> <span class='ocrx_word' id='word_1_65' title='bbox 1114 1196 1324 1254; x_wconf 88' lang='lat' dir='ltr'>animis</span> <span class='ocrx_word' id='word_1_66' title='bbox 1384 1194 1725 1254; x_wconf 89' lang='lat' dir='ltr'>conceditur</span> <span class='ocrx_word' id='word_1_67' title='bbox 1782 1198 1847 1253; x_wconf 89' lang='lat' dir='ltr'>ut</span> <span class='ocrx_word' id='word_1_68' title='bbox 1904 1196 2081 1253; x_wconf 90' lang='lat' dir='ltr'>lunae</span> <span class='ocrx_word' id='word_1_69' title='bbox 2140 1194 2202 1251; x_wconf 91' lang='lat' dir='ltr'>in</span> <span class='ocrx_word' id='word_1_70' title='bbox 2262 1192 2567 1269; x_wconf 82' lang='lat' dir='ltr'>superficie</span> 
     </span>
     <span class='ocr_line' id='line_1_9' title="bbox 314 1295 2570 1367; baseline -0.002 -9"><span class='ocrx_word' id='word_1_71' title='bbox 314 1300 392 1358; x_wconf 87' lang='lat' dir='ltr'>ad</span> <span class='ocrx_word' id='word_1_72' title='bbox 449 1303 637 1360; x_wconf 90' lang='lat' dir='ltr'>solem</span> <span class='ocrx_word' id='word_1_73' title='bbox 694 1317 866 1359; x_wconf 84' lang='lat' dir='ltr'>versa</span> <span class='ocrx_word' id='word_1_74' title='bbox 923 1299 1363 1358; x_wconf 80' lang='lat' dir='ltr'><strong>immortalitate</strong></span> <span class='ocrx_word' id='word_1_75' title='bbox 1422 1296 1653 1356; x_wconf 90' lang='lat' dir='ltr'>demum</span> <span class='ocrx_word' id='word_1_76' title='bbox 1712 1296 1992 1356; x_wconf 88' lang='lat' dir='ltr'>fruantur.</span> <span class='ocrx_word' id='word_1_77' title='bbox 2081 1295 2245 1367; x_wconf 79' lang='lat' dir='ltr'>Quae</span> <span class='ocrx_word' id='word_1_78' title='bbox 2290 1297 2375 1355; x_wconf 88' lang='lat' dir='ltr'>sic</span> <span class='ocrx_word' id='word_1_79' title='bbox 2418 1297 2570 1354; x_wconf 90' lang='lat' dir='ltr'>inter</span> 
     </span>
     <span class='ocr_line' id='line_1_10' title="bbox 314 1381 2567 1479; baseline -0.002 -18"><span class='ocrx_word' id='word_1_80' title='bbox 314 1420 380 1462; x_wconf 86' lang='lat' dir='ltr'>se</span> <span class='ocrx_word' id='word_1_81' title='bbox 450 1406 781 1479; x_wconf 84' lang='lat' dir='ltr'>repugnant</span> <span class='ocrx_word' id='word_1_82' title='bbox 849 1405 916 1461; x_wconf 85' lang='lat' dir='ltr'>ut</span> <span class='ocrx_word' id='word_1_83' title='bbox 989 1419 1062 1460; x_wconf 84' lang='lat' dir='ltr'>ex</span> <span class='ocrx_word' id='word_1_84' title='bbox 1134 1419 1249 1459; x_wconf 91' lang='lat' dir='ltr'>uno</span> <span class='ocrx_word' id='word_1_85' title='bbox 1323 1400 1482 1459; x_wconf 90' lang='lat' dir='ltr'>fonte</span> <span class='ocrx_word' id='word_1_86' title='bbox 1557 1381 1861 1458; x_wconf 80' lang='lat' dir='ltr'>emanasse·</span> <span class='ocrx_word' id='word_1_87' title='bbox 1926 1417 2161 1474; x_wconf 82' lang='lat' dir='ltr'>negem,</span> <span class='ocrx_word' id='word_1_88' title='bbox 2236 1401 2567 1476; x_wconf 82' lang='lat' dir='ltr'>complures</span> 
     </span>
     <span class='ocr_line' id='line_1_11' title="bbox 313 1501 2564 1580; baseline -0.002 -16"><span class='ocrx_word' id='word_1_89' title='bbox 313 1507 508 1580; x_wconf 90' lang='lat' dir='ltr'>potius</span> <span class='ocrx_word' id='word_1_90' title='bbox 565 1508 884 1564; x_wconf 90' lang='lat' dir='ltr'>statuamus</span> <span class='ocrx_word' id='word_1_91' title='bbox 944 1503 1135 1563; x_wconf 88' lang='lat' dir='ltr'>fontes</span> <span class='ocrx_word' id='word_1_92' title='bbox 1189 1521 1336 1579; x_wconf 91' lang='lat' dir='ltr'>opus</span> <span class='ocrx_word' id='word_1_93' title='bbox 1390 1508 1492 1562; x_wconf 90' lang='lat' dir='ltr'>est.</span> <span class='ocrx_word' id='word_1_94' title='bbox 1588 1504 1725 1562; x_wconf 91' lang='lat' dir='ltr'>Non</span> <span class='ocrx_word' id='word_1_95' title='bbox 1778 1506 1867 1560; x_wconf 91' lang='lat' dir='ltr'>est</span> <span class='ocrx_word' id='word_1_96' title='bbox 1920 1501 2157 1560; x_wconf 91' lang='lat' dir='ltr'>dubium</span> <span class='ocrx_word' id='word_1_97' title='bbox 2209 1503 2348 1578; x_wconf 92' lang='lat' dir='ltr'>quin</span> <span class='ocrx_word' id='word_1_98' title='bbox 2402 1519 2451 1560; x_wconf 92' lang='lat' dir='ltr'>c.</span> <span class='ocrx_word' id='word_1_99' title='bbox 2483 1503 2564 1560; x_wconf 89' lang='grc'>28</span> 
     </span>
     <span class='ocr_line' id='line_1_12' title="bbox 314 1605 2567 1680; baseline -0.002 -14"><span class='ocrx_word' id='word_1_100' title='bbox 314 1627 350 1666; x_wconf 87' lang='lat' dir='ltr'>a</span> <span class='ocrx_word' id='word_1_101' title='bbox 402 1607 719 1668; x_wconf 86' lang='lat' dir='ltr'>Posidonio</span> <span class='ocrx_word' id='word_1_102' title='bbox 780 1607 853 1666; x_wconf 91' lang='lat' dir='ltr'>de</span> <span class='ocrx_word' id='word_1_103' title='bbox 913 1608 1232 1666; x_wconf 88' lang='lat' dir='ltr'>animarum</span> <span class='ocrx_word' id='word_1_104' title='bbox 1290 1610 1423 1680; x_wconf 88' lang='lat' dir='ltr'>post</span> <span class='ocrx_word' id='word_1_105' title='bbox 1480 1610 1726 1664; x_wconf 89' lang='lat' dir='ltr'>mortem</span> <span class='ocrx_word' id='word_1_106' title='bbox 1784 1609 1963 1678; x_wconf 44' lang='lat' dir='ltr'>statu,</span> <span class='ocrx_word' id='word_1_107' title='bbox 2004 1605 2175 1664; x_wconf 86' lang='lat' dir='ltr'>docta</span> <span class='ocrx_word' id='word_1_108' title='bbox 2235 1622 2393 1664; x_wconf 88' lang='lat' dir='ltr'>mere</span> <span class='ocrx_word' id='word_1_109' title='bbox 2451 1606 2567 1663; x_wconf 91' lang='lat' dir='ltr'>sint</span> 
     </span>
     <span class='ocr_line' id='line_1_13' title="bbox 313 1707 2565 1787; baseline -0.001 -18"><span class='ocrx_word' id='word_1_110' title='bbox 313 1713 590 1787; x_wconf 84' lang='lat' dir='ltr'>repetita3</span> <span class='ocrx_word' id='word_1_111' title='bbox 649 1728 778 1785; x_wconf 87' lang='lat' dir='ltr'>cap.</span> <span class='ocrx_word' id='word_1_112' title='bbox 820 1711 900 1768; x_wconf 92' lang='grc'>28</span> <span class='ocrx_word' id='word_1_113' title='bbox 963 1711 1046 1784; x_wconf 89' lang='lat' dir='ltr'>(in</span> <span class='ocrx_word' id='word_1_114' title='bbox 1101 1710 1383 1781; x_wconf 88' lang='lat' dir='ltr'>extremo)</span> <span class='ocrx_word' id='word_1_115' title='bbox 1439 1709 1616 1767; x_wconf 84' lang='lat' dir='ltr'>velim</span> <span class='ocrx_word' id='word_1_116' title='bbox 1671 1725 1973 1782; x_wconf 88' lang='lat' dir='ltr'>compares</span> <span class='ocrx_word' id='word_1_117' title='bbox 2027 1726 2158 1767; x_wconf 92' lang='lat' dir='ltr'>cum</span> <span class='ocrx_word' id='word_1_118' title='bbox 2212 1707 2369 1766; x_wconf 80' lang='lat' dir='ltr'>Sext.</span> <span class='ocrx_word' id='word_1_119' title='bbox 2401 1707 2565 1781; x_wconf 86' lang='lat' dir='ltr'><strong>Emp.</strong></span> 
     </span>
     <span class='ocr_line' id='line_1_14' title="bbox 314 1809 2563 1888; baseline -0.001 -19"><span class='ocrx_word' id='word_1_120' title='bbox 314 1811 447 1870; x_wconf 86' lang='lat' dir='ltr'>adv.</span> <span class='ocrx_word' id='word_1_121' title='bbox 488 1811 759 1870; x_wconf 84' lang='lat' dir='ltr'>mathem.</span> <span class='ocrx_word' id='word_1_122' title='bbox 797 1812 884 1869; x_wconf 90' lang='lat' dir='ltr'>IX</span> <span class='ocrx_word' id='word_1_123' title='bbox 917 1813 995 1870; x_wconf 87' lang='lat'>75</span> <span class='ocrx_word' id='word_1_124' title='bbox 1046 1811 1129 1888; x_wconf 94' lang='lat' dir='ltr'>[II</span> <span class='ocrx_word' id='word_1_125' title='bbox 1165 1829 1221 1885; x_wconf 89' lang='lat' dir='ltr'>p.</span> <span class='ocrx_word' id='word_1_126' title='bbox 1247 1811 1366 1868; x_wconf 88' lang='grc'>231</span> <span class='ocrx_word' id='word_1_127' title='bbox 1402 1809 1733 1886; x_wconf 86' lang='lat' dir='ltr'>Mutschm.]</span> <span class='ocrx_word' id='word_1_128' title='bbox 1780 1830 1833 1868; x_wconf 90' lang='lat' dir='ltr'><strong>v.</strong></span> <span class='ocrx_word' id='word_1_129' title='bbox 1874 1828 2051 1887; x_wconf 89' lang='lat' dir='ltr'>supra</span> <span class='ocrx_word' id='word_1_130' title='bbox 2092 1829 2151 1886; x_wconf 92' lang='lat' dir='ltr'>p.</span> <span class='ocrx_word' id='word_1_131' title='bbox 2180 1812 2281 1882; x_wconf 90' lang='grc'>11;</span> <span class='ocrx_word' id='word_1_132' title='bbox 2325 1828 2453 1886; x_wconf 92' lang='lat' dir='ltr'>cap.</span> <span class='ocrx_word' id='word_1_133' title='bbox 2485 1811 2563 1868; x_wconf 87' lang='grc'>29</span> 
     </span>
     <span class='ocr_line' id='line_1_15' title="bbox 315 1914 2565 1989; baseline -0 -17"><span class='ocrx_word' id='word_1_134' title='bbox 315 1914 389 1973; x_wconf 89' lang='lat' dir='ltr'>de</span> <span class='ocrx_word' id='word_1_135' title='bbox 443 1915 747 1973; x_wconf 91' lang='lat' dir='ltr'>stellarum</span> <span class='ocrx_word' id='word_1_136' title='bbox 801 1932 871 1972; x_wconf 92' lang='lat' dir='ltr'>ac</span> <span class='ocrx_word' id='word_1_137' title='bbox 922 1915 1237 1989; x_wconf 75' lang='lat' dir='ltr'>praecipue</span> <span class='ocrx_word' id='word_1_138' title='bbox 1290 1914 1466 1970; x_wconf 89' lang='lat' dir='ltr'>lunae</span> <span class='ocrx_word' id='word_1_139' title='bbox 1511 1917 1724 1971; x_wconf 86' lang='lat' dir='ltr'>natura</span> <span class='ocrx_word' id='word_1_140' title='bbox 1768 1915 2090 1972; x_wconf 86' lang='lat' dir='ltr'>sententiae</span> <span class='ocrx_word' id='word_1_141' title='bbox 2135 1914 2390 1972; x_wconf 90' lang='lat' dir='ltr'>breviter</span> <span class='ocrx_word' id='word_1_142' title='bbox 2433 1931 2565 1988; x_wconf 90' lang='lat' dir='ltr'>per-</span> 
     </span>
     <span class='ocr_line' id='line_1_16' title="bbox 315 1994 2565 2092; baseline -0 -17"><span class='ocrx_word' id='word_1_143' title='bbox 315 2017 679 2092; x_wconf 91' lang='lat' dir='ltr'>stringuntur</span> <span class='ocrx_word' id='word_1_144' title='bbox 755 2017 1018 2075; x_wconf 80' lang='lat' dir='ltr'><strong>Platonis</strong></span> <span class='ocrx_word' id='word_1_145' title='bbox 1099 2020 1160 2074; x_wconf 87' lang='lat' dir='ltr'>et</span> <span class='ocrx_word' id='word_1_146' title='bbox 1230 2016 1576 2074; x_wconf 80' lang='lat' dir='ltr'>Xenocratis</span> <span class='ocrx_word' id='word_1_147' title='bbox 1650 2016 1897 2090; x_wconf 87' lang='lat' dir='ltr'>(Heinze</span> <span class='ocrx_word' id='word_1_148' title='bbox 1970 1994 2289 2074; x_wconf 68' lang='lat' dir='ltr'>Xenocrat.</span> <span class='ocrx_word' id='word_1_149' title='bbox 2352 2033 2409 2090; x_wconf 92' lang='lat' dir='ltr'>p.</span> <span class='ocrx_word' id='word_1_150' title='bbox 2445 2016 2565 2074; x_wconf 88' lang='lat'>180</span> 
     </span>
     <span class='ocr_line' id='line_1_17' title="bbox 312 2117 2565 2195; baseline -0.001 -17"><span class='ocrx_word' id='word_1_151' title='bbox 312 2119 521 2195; x_wconf 81' lang='lat' dir='ltr'>fragm.</span> <span class='ocrx_word' id='word_1_152' title='bbox 552 2121 662 2192; x_wconf 79' lang='lat'>563</span> <span class='ocrx_word' id='word_1_153' title='bbox 717 2138 773 2195; x_wconf 92' lang='lat' dir='ltr'>p.</span> <span class='ocrx_word' id='word_1_154' title='bbox 810 2120 955 2192; x_wconf 83' lang='grc'>124,</span> <span class='ocrx_word' id='word_1_155' title='bbox 1000 2120 1119 2176; x_wconf 88' lang='lat'>138</span> <span class='ocrx_word' id='word_1_156' title='bbox 1144 2117 1259 2194; x_wconf 89' lang='lat' dir='ltr'>ss.).</span> <span class='ocrx_word' id='word_1_157' title='bbox 1347 2119 1552 2177; x_wconf 87' lang='lat' dir='ltr'>Restat</span> <span class='ocrx_word' id='word_1_158' title='bbox 1603 2119 1782 2193; x_wconf 89' lang='lat' dir='ltr'>igitur</span> <span class='ocrx_word' id='word_1_159' title='bbox 1834 2122 1895 2177; x_wconf 92' lang='lat' dir='ltr'>ut</span> <span class='ocrx_word' id='word_1_160' title='bbox 1940 2136 2285 2194; x_wconf 87' lang='lat' dir='ltr'>quaeramus</span> <span class='ocrx_word' id='word_1_161' title='bbox 2329 2137 2445 2194; x_wconf 90' lang='lat' dir='ltr'>quo</span> <span class='ocrx_word' id='word_1_162' title='bbox 2491 2137 2565 2177; x_wconf 86' lang='lat' dir='ltr'>ex</span> 
     </span>
     <span class='ocr_line' id='line_1_18' title="bbox 313 2220 2564 2296; baseline 0 -16"><span class='ocrx_word' id='word_1_163' title='bbox 313 2221 476 2280; x_wconf 84' lang='lat' dir='ltr'>fonte</span> <span class='ocrx_word' id='word_1_164' title='bbox 518 2221 874 2280; x_wconf 83' lang='lat' dir='ltr'>Plutarchus</span> <span class='ocrx_word' id='word_1_165' title='bbox 928 2220 1187 2280; x_wconf 84' lang='lat' dir='ltr'>hauserit</span> <span class='ocrx_word' id='word_1_166' title='bbox 1240 2238 1367 2296; x_wconf 85' lang='lat' dir='ltr'>cap.</span> <span class='ocrx_word' id='word_1_167' title='bbox 1400 2221 1479 2278; x_wconf 91' lang='grc'>29</span> <span class='ocrx_word' id='word_1_168' title='bbox 1528 2225 1586 2278; x_wconf 89' lang='lat' dir='ltr'>et</span> <span class='ocrx_word' id='word_1_169' title='bbox 1634 2222 1731 2278; x_wconf 87' lang='lat'>30.</span> <span class='ocrx_word' id='word_1_170' title='bbox 1818 2222 1939 2279; x_wconf 87' lang='lat' dir='ltr'>Iam</span> <span class='ocrx_word' id='word_1_171' title='bbox 1985 2222 2185 2280; x_wconf 87' lang='lat' dir='ltr'>variae</span> <span class='ocrx_word' id='word_1_172' title='bbox 2227 2220 2450 2296; x_wconf 89' lang='lat' dir='ltr'>figurae</span> <span class='ocrx_word' id='word_1_173' title='bbox 2495 2238 2564 2281; x_wconf 87' lang='lat' dir='ltr'>ac</span> 
     </span>
     <span class='ocr_line' id='line_1_19' title="bbox 311 2316 2567 2406; baseline 0.001 -24"><span class='ocrx_word' id='word_1_174' title='bbox 311 2325 495 2384; x_wconf 86' lang='lat' dir='ltr'>verba</span> <span class='ocrx_word' id='word_1_175' title='bbox 539 2324 775 2399; x_wconf 86' lang='lat' dir='ltr'>sapiunt</span> <span class='ocrx_word' id='word_1_176' title='bbox 821 2322 1206 2398; x_wconf 89' lang='lat' dir='ltr'>Orphicorum</span> <span class='ocrx_word' id='word_1_177' title='bbox 1253 2327 1312 2382; x_wconf 89' lang='lat' dir='ltr'>et</span> <span class='ocrx_word' id='word_1_178' title='bbox 1355 2322 1857 2398; x_wconf 82' lang='lat' dir='ltr'>Pythagoreorum</span> <span class='ocrx_word' id='word_1_179' title='bbox 1903 2325 2252 2382; x_wconf 88' lang='lat' dir='ltr'>sententias:</span> <span class='ocrx_word' id='word_1_180' title='bbox 2294 2316 2567 2406; x_wconf 81' lang='grc' dir='ltr'><strong><em>Ἑκάτης</em></strong></span> 
     </span>
     <span class='ocr_line' id='line_1_20' title="bbox 310 2417 2565 2506; baseline -0.001 -19"><span class='ocrx_word' id='word_1_181' title='bbox 310 2417 514 2506; x_wconf 81' lang='grc' dir='ltr'><em>μυχός</em></span> <span class='ocrx_word' id='word_1_182' title='bbox 574 2443 703 2502; x_wconf 89' lang='lat' dir='ltr'>cap.</span> <span class='ocrx_word' id='word_1_183' title='bbox 742 2427 820 2484; x_wconf 94' lang='grc'>29</span> <span class='ocrx_word' id='word_1_184' title='bbox 881 2444 936 2501; x_wconf 90' lang='lat' dir='ltr'>p.</span> <span class='ocrx_word' id='word_1_185' title='bbox 979 2426 1169 2486; x_wconf 84' lang='lat'>9440</span> <span class='ocrx_word' id='word_1_186' title='bbox 1228 2427 1564 2484; x_wconf 88' lang='lat' dir='ltr'>memoriam</span> <span class='ocrx_word' id='word_1_187' title='bbox 1622 2429 1871 2485; x_wconf 88' lang='lat' dir='ltr'>renovat</span> <span class='ocrx_word' id='word_1_188' title='bbox 1922 2425 2284 2499; x_wconf 83' lang='lat' dir='ltr'>Pherecydis</span> <span class='ocrx_word' id='word_1_189' title='bbox 2334 2427 2565 2506; x_wconf 81' lang='grc' dir='ltr'><em>μυχῶν</em></span> 
     </span>
     <span class='ocr_line' id='line_1_21' title="bbox 311 2527 2563 2606; baseline 0 -19"><span class='ocrx_word' id='word_1_190' title='bbox 311 2529 431 2606; x_wconf 90' lang='lat' dir='ltr'><strong>(ap.</strong></span> <span class='ocrx_word' id='word_1_191' title='bbox 478 2529 765 2605; x_wconf 90' lang='lat' dir='ltr'>Porphyr.</span> <span class='ocrx_word' id='word_1_192' title='bbox 822 2528 894 2588; x_wconf 89' lang='lat' dir='ltr'>de</span> <span class='ocrx_word' id='word_1_193' title='bbox 949 2534 1098 2587; x_wconf 88' lang='lat' dir='ltr'>antr.</span> <span class='ocrx_word' id='word_1_194' title='bbox 1143 2528 1384 2606; x_wconf 80' lang='lat' dir='ltr'>nymph.</span> <span class='ocrx_word' id='word_1_195' title='bbox 1427 2529 1507 2588; x_wconf 87' lang='lat'>30</span> <span class='ocrx_word' id='word_1_196' title='bbox 1562 2527 1635 2588; x_wconf 88' lang='lat' dir='ltr'>cf.</span> <span class='ocrx_word' id='word_1_197' title='bbox 1689 2527 1756 2589; x_wconf 90' lang='grc' dir='ltr'>Ο.</span> <span class='ocrx_word' id='word_1_198' title='bbox 1786 2528 1952 2588; x_wconf 91' lang='lat' dir='ltr'>Kern</span> <span class='ocrx_word' id='word_1_199' title='bbox 2003 2529 2099 2588; x_wconf 82' lang='lat' dir='ltr'>De</span> <span class='ocrx_word' id='word_1_200' title='bbox 2153 2527 2329 2604; x_wconf 63' lang='lat' dir='ltr'>Orph.</span> <span class='ocrx_word' id='word_1_201' title='bbox 2366 2527 2563 2603; x_wconf 75' lang='lat' dir='ltr'>Epim.</span> 
     </span>
     <span class='ocr_line' id='line_1_22' title="bbox 309 2631 2565 2709; baseline -0 -19"><span class='ocrx_word' id='word_1_202' title='bbox 309 2632 630 2705; x_wconf 70' lang='lat' dir='ltr'>Pherecyd.</span> <span class='ocrx_word' id='word_1_203' title='bbox 680 2632 941 2705; x_wconf 72' lang='lat' dir='ltr'>theoyon.</span> <span class='ocrx_word' id='word_1_204' title='bbox 987 2636 1210 2704; x_wconf 75' lang='lat' dir='ltr'>quaest.</span> <span class='ocrx_word' id='word_1_205' title='bbox 1257 2634 1436 2689; x_wconf 59' lang='lat' dir='ltr'>critic</span> <span class='ocrx_word' id='word_1_206' title='bbox 1482 2631 1740 2689; x_wconf 89' lang='lat' dir='ltr'>Berolin.</span> <span class='ocrx_word' id='word_1_207' title='bbox 1784 2632 1973 2704; x_wconf 87' lang='grc'>1888,</span> <span class='ocrx_word' id='word_1_208' title='bbox 2041 2632 2209 2690; x_wconf 90' lang='lat' dir='ltr'>Diels</span> <span class='ocrx_word' id='word_1_209' title='bbox 2264 2632 2426 2691; x_wconf 78' lang='lat' dir='ltr'>VorS.</span> <span class='ocrx_word' id='word_1_210' title='bbox 2471 2632 2565 2709; x_wconf 82' lang='grc'>113</span> 
     </span>
     <span class='ocr_line' id='line_1_23' title="bbox 310 2726 2563 2813; baseline 0 -21"><span class='ocrx_word' id='word_1_211' title='bbox 310 2752 366 2810; x_wconf 90' lang='lat' dir='ltr'><strong>p.</strong></span> <span class='ocrx_word' id='word_1_212' title='bbox 393 2735 584 2793; x_wconf 91' lang='grc' dir='ltr'>2Ο4Β</span> <span class='ocrx_word' id='word_1_213' title='bbox 612 2735 735 2809; x_wconf 90' lang='grc'>16);</span> <span class='ocrx_word' id='word_1_214' title='bbox 776 2726 1124 2813; x_wconf 80' lang='grc' dir='ltr'><em>ἄντίχθων</em></span> <span class='ocrx_word' id='word_1_215' title='bbox 1165 2751 1290 2809; x_wconf 86' lang='lat' dir='ltr'>cap.</span> <span class='ocrx_word' id='word_1_216' title='bbox 1318 2735 1395 2791; x_wconf 90' lang='grc'>29</span> <span class='ocrx_word' id='word_1_217' title='bbox 1437 2752 1492 2809; x_wconf 91' lang='lat' dir='ltr'><strong>p.</strong></span> <span class='ocrx_word' id='word_1_218' title='bbox 1520 2734 1643 2791; x_wconf 88' lang='grc'>944</span> <span class='ocrx_word' id='word_1_219' title='bbox 1669 2734 1713 2793; x_wconf 85' lang='grc' dir='ltr'>Ο</span> <span class='ocrx_word' id='word_1_220' title='bbox 1753 2734 2036 2808; x_wconf 87' lang='lat' dir='ltr'>originem</span> <span class='ocrx_word' id='word_1_221' title='bbox 2078 2733 2235 2793; x_wconf 89' lang='lat' dir='ltr'>ducit</span> <span class='ocrx_word' id='word_1_222' title='bbox 2274 2751 2307 2793; x_wconf 89' lang='lat' dir='ltr'>e</span> <span class='ocrx_word' id='word_1_223' title='bbox 2344 2736 2563 2807; x_wconf 89' lang='lat' dir='ltr'>Pytha-</span> 
     </span>
     <span class='ocr_line' id='line_1_24' title="bbox 308 2835 2563 2916; baseline 0.001 -23"><span class='ocrx_word' id='word_1_224' title='bbox 308 2838 506 2915; x_wconf 83' lang='lat' dir='ltr'>goreis</span> <span class='ocrx_word' id='word_1_225' title='bbox 551 2835 625 2895; x_wconf 89' lang='lat' dir='ltr'>cf.</span> <span class='ocrx_word' id='word_1_226' title='bbox 665 2837 1045 2895; x_wconf 87' lang='lat' dir='ltr'>Aristotelem</span> <span class='ocrx_word' id='word_1_227' title='bbox 1091 2836 1164 2894; x_wconf 88' lang='lat' dir='ltr'>de</span> <span class='ocrx_word' id='word_1_228' title='bbox 1211 2837 1378 2895; x_wconf 91' lang='lat' dir='ltr'>caelo</span> <span class='ocrx_word' id='word_1_229' title='bbox 1423 2836 1471 2893; x_wconf 92' lang='lat' dir='ltr'><strong>B</strong></span> <span class='ocrx_word' id='word_1_230' title='bbox 1501 2837 1578 2893; x_wconf 86' lang='lat'>13</span> <span class='ocrx_word' id='word_1_231' title='bbox 1624 2854 1680 2912; x_wconf 91' lang='lat' dir='ltr'><strong>p.</strong></span> <span class='ocrx_word' id='word_1_232' title='bbox 1707 2837 1884 2894; x_wconf 80' lang='lat' dir='ltr'>293a</span> <span class='ocrx_word' id='word_1_233' title='bbox 1910 2837 2002 2911; x_wconf 86' lang='lat'>18,</span> <span class='ocrx_word' id='word_1_234' title='bbox 2050 2836 2351 2916; x_wconf 18' lang='lat' dir='ltr'>29¹3b143</span> <span class='ocrx_word' id='word_1_235' title='bbox 2397 2838 2563 2895; x_wconf 87' lang='lat' dir='ltr'>Diels</span> 
     </span>
     <span class='ocr_line' id='line_1_25' title="bbox 322 2937 2565 3016; baseline 0 -20"><span class='ocrx_word' id='word_1_236' title='bbox 322 2937 487 2997; x_wconf 85' lang='lat' dir='ltr'>Vors.</span> <span class='ocrx_word' id='word_1_237' title='bbox 517 2940 584 2997; x_wconf 84' lang='grc'>13</span> <span class='ocrx_word' id='word_1_238' title='bbox 625 2957 680 3016; x_wconf 91' lang='lat' dir='ltr'><strong>p.</strong></span> <span class='ocrx_word' id='word_1_239' title='bbox 707 2939 830 2997; x_wconf 82' lang='lat'>355</span> <span class='ocrx_word' id='word_1_240' title='bbox 869 2938 1074 3013; x_wconf 84' lang='lat' dir='ltr'>fragm.</span> <span class='ocrx_word' id='word_1_241' title='bbox 1101 2940 1198 3010; x_wconf 87' lang='lat'>36,</span> <span class='ocrx_word' id='word_1_242' title='bbox 1236 2938 1434 2997; x_wconf 81' lang='lat' dir='ltr'>Zeller</span> <span class='ocrx_word' id='word_1_243' title='bbox 1474 2939 1538 2996; x_wconf 83' lang='grc' dir='ltr'>Ι5</span> <span class='ocrx_word' id='word_1_244' title='bbox 1574 2956 1631 3013; x_wconf 92' lang='lat' dir='ltr'>p.</span> <span class='ocrx_word' id='word_1_245' title='bbox 1656 2939 1781 2996; x_wconf 87' lang='lat'>414</span> <span class='ocrx_word' id='word_1_246' title='bbox 1820 2940 1960 3013; x_wconf 89' lang='lat' dir='ltr'>quin</span> <span class='ocrx_word' id='word_1_247' title='bbox 1999 2939 2172 2997; x_wconf 90' lang='lat' dir='ltr'>etiam</span> <span class='ocrx_word' id='word_1_248' title='bbox 2208 2937 2565 3013; x_wconf 86' lang='lat' dir='ltr'>Pythagorei</span> 
     </span>
     <span class='ocr_line' id='line_1_26' title="bbox 310 3038 2626 3121; baseline 0.001 -24"><span class='ocrx_word' id='word_1_249' title='bbox 310 3041 511 3098; x_wconf 87' lang='lat' dir='ltr'>lunam</span> <span class='ocrx_word' id='word_1_250' title='bbox 543 3043 606 3099; x_wconf 85' lang='lat' dir='ltr'>ut</span> <span class='ocrx_word' id='word_1_251' title='bbox 629 3042 962 3116; x_wconf 86' lang='lat' dir='ltr'>Simplicius</span> <span class='ocrx_word' id='word_1_252' title='bbox 993 3040 1134 3099; x_wconf 88' lang='lat' dir='ltr'>dicit</span> <span class='ocrx_word' id='word_1_253' title='bbox 1165 3038 1539 3121; x_wconf 78' lang='grc' dir='ltr'><em>ἀντίχθονα</em></span> <span class='ocrx_word' id='word_1_254' title='bbox 1569 3040 1837 3099; x_wconf 89' lang='lat' dir='ltr'>feruntur</span> <span class='ocrx_word' id='word_1_255' title='bbox 1859 3042 2255 3116; x_wconf 88' lang='lat' dir='ltr'>appellavisse</span> <span class='ocrx_word' id='word_1_256' title='bbox 2279 3042 2564 3118; x_wconf 86' lang='lat' dir='ltr'>(Simplic.</span> <span class='ocrx_word' id='word_1_257' title='bbox 2619 3106 2626 3113; x_wconf 57' lang='grc'>,</span> 
     </span>
     <span class='ocr_line' id='line_1_27' title="bbox 309 3128 2563 3218; baseline 0.001 -18"><span class='ocrx_word' id='word_1_258' title='bbox 309 3144 372 3200; x_wconf 93' lang='lat' dir='ltr'>in</span> <span class='ocrx_word' id='word_1_259' title='bbox 415 3144 658 3203; x_wconf 86' lang='lat' dir='ltr'>Aristot.</span> <span class='ocrx_word' id='word_1_260' title='bbox 713 3142 786 3201; x_wconf 89' lang='lat' dir='ltr'>de</span> <span class='ocrx_word' id='word_1_261' title='bbox 814 3128 1009 3201; x_wconf 79' lang='lat' dir='ltr'>&#39;caelo</span> <span class='ocrx_word' id='word_1_262' title='bbox 1057 3144 1239 3202; x_wconf 81' lang='grc'>2291)</span> <span class='ocrx_word' id='word_1_263' title='bbox 1268 3146 1295 3201; x_wconf 93' lang='grc'>1</span> <span class='ocrx_word' id='word_1_264' title='bbox 1346 3142 1436 3201; x_wconf 90' lang='lat' dir='ltr'>ed.</span> <span class='ocrx_word' id='word_1_265' title='bbox 1474 3143 1738 3218; x_wconf 88' lang='lat' dir='ltr'>Heiberg</span> <span class='ocrx_word' id='word_1_266' title='bbox 1783 3142 2023 3217; x_wconf 84' lang='lat' dir='ltr'>[Gomm.</span> <span class='ocrx_word' id='word_1_267' title='bbox 2069 3144 2130 3201; x_wconf 91' lang='lat' dir='ltr'>in</span> <span class='ocrx_word' id='word_1_268' title='bbox 2175 3144 2417 3202; x_wconf 86' lang='lat' dir='ltr'>Aristot.</span> <span class='ocrx_word' id='word_1_269' title='bbox 2464 3143 2563 3203; x_wconf 85' lang='lat' dir='ltr'>Gr.</span> 
     </span>
     <span class='ocr_line' id='line_1_28' title="bbox 311 3238 2562 3325; baseline 0.001 -23"><span class='ocrx_word' id='word_1_270' title='bbox 311 3245 433 3303; x_wconf 87' lang='lat' dir='ltr'>vol.</span> <span class='ocrx_word' id='word_1_271' title='bbox 449 3244 557 3302; x_wconf 89' lang='lat' dir='ltr'>VlI</span> <span class='ocrx_word' id='word_1_272' title='bbox 595 3263 650 3321; x_wconf 91' lang='lat' dir='ltr'>p.</span> <span class='ocrx_word' id='word_1_273' title='bbox 677 3244 879 3320; x_wconf 86' lang='grc'>512]);</span> <span class='ocrx_word' id='word_1_274' title='bbox 920 3238 1294 3324; x_wconf 75' lang='grc' dir='ltr'><em>ἀντίχθονα</em></span> <span class='ocrx_word' id='word_1_275' title='bbox 1328 3240 1398 3305; x_wconf 60' lang='lat' dir='ltr'>de</span> <span class='ocrx_word' id='word_1_276' title='bbox 1428 3238 1552 3325; x_wconf 83' lang='grc' dir='ltr'>τὴν</span> <span class='ocrx_word' id='word_1_277' title='bbox 1586 3238 1877 3325; x_wconf 80' lang='grc' dir='ltr'><em>σελήνην</em></span> <span class='ocrx_word' id='word_1_278' title='bbox 1905 3238 2199 3305; x_wconf 80' lang='grc' dir='ltr'><em>ἐκάλουν</em></span> <span class='ocrx_word' id='word_1_279' title='bbox 2230 3238 2295 3305; x_wconf 81' lang='grc' dir='ltr'>οἱ</span> <span class='ocrx_word' id='word_1_280' title='bbox 2327 3244 2562 3307; x_wconf 86' lang='grc' dir='ltr'><em>Πυθα-</em></span> 
     </span>
     <span class='ocr_line' id='line_1_29' title="bbox 310 3339 2563 3427; baseline -0.001 -20"><span class='ocrx_word' id='word_1_281' title='bbox 310 3339 561 3427; x_wconf 82' lang='grc' dir='ltr'><em>γόρειοι</em></span> <span class='ocrx_word' id='word_1_282' title='bbox 593 3393 605 3406; x_wconf 91' lang='grc'><strong>.</strong></span> <span class='ocrx_word' id='word_1_283' title='bbox 643 3396 654 3407; x_wconf 94' lang='grc'><strong>.</strong></span> <span class='ocrx_word' id='word_1_284' title='bbox 691 3395 703 3406; x_wconf 92' lang='grc'><strong>.</strong></span> <span class='ocrx_word' id='word_1_285' title='bbox 767 3347 932 3407; x_wconf 88' lang='lat' dir='ltr'>Caeli</span> <span class='ocrx_word' id='word_1_286' title='bbox 969 3352 1162 3406; x_wconf 87' lang='lat' dir='ltr'>autem</span> <span class='ocrx_word' id='word_1_287' title='bbox 1201 3352 1546 3405; x_wconf 88' lang='lat' dir='ltr'>concentum</span> <span class='ocrx_word' id='word_1_288' title='bbox 1576 3349 1811 3422; x_wconf 89' lang='lat' dir='ltr'>qualem</span> <span class='ocrx_word' id='word_1_289' title='bbox 1842 3349 2137 3406; x_wconf 84' lang='lat' dir='ltr'>excultum</span> <span class='ocrx_word' id='word_1_290' title='bbox 2169 3365 2299 3406; x_wconf 87' lang='lat' dir='ltr'>esse</span> <span class='ocrx_word' id='word_1_291' title='bbox 2330 3351 2563 3406; x_wconf 88' lang='lat' dir='ltr'>constat</span> 
     </span>
     <span class='ocr_line' id='line_1_30' title="bbox 279 3444 2563 3525; baseline 0.002 -20"><span class='ocrx_word' id='word_1_292' title='bbox 279 3469 347 3508; x_wconf 82' lang='lat' dir='ltr'>a</span> <span class='ocrx_word' id='word_1_293' title='bbox 383 3450 788 3525; x_wconf 77' lang='lat' dir='ltr'>PythagoreiS,</span> <span class='ocrx_word' id='word_1_294' title='bbox 827 3451 1085 3509; x_wconf 88' lang='lat' dir='ltr'>breviter</span> <span class='ocrx_word' id='word_1_295' title='bbox 1124 3452 1355 3525; x_wconf 85' lang='lat' dir='ltr'>attingit</span> <span class='ocrx_word' id='word_1_296' title='bbox 1393 3449 1749 3509; x_wconf 88' lang='lat' dir='ltr'>Plutarchus</span> <span class='ocrx_word' id='word_1_297' title='bbox 1789 3468 1837 3510; x_wconf 89' lang='lat' dir='ltr'>c.</span> <span class='ocrx_word' id='word_1_298' title='bbox 1864 3452 1941 3508; x_wconf 92' lang='grc'>29</span> <span class='ocrx_word' id='word_1_299' title='bbox 1982 3468 2038 3525; x_wconf 92' lang='lat' dir='ltr'>p.</span> <span class='ocrx_word' id='word_1_300' title='bbox 2065 3450 2187 3508; x_wconf 86' lang='lat'>944</span> <span class='ocrx_word' id='word_1_301' title='bbox 2210 3451 2292 3510; x_wconf 89' lang='lat' dir='ltr'>A:</span> <span class='ocrx_word' id='word_1_302' title='bbox 2333 3444 2563 3513; x_wconf 82' lang='grc' dir='ltr'><em>ου’κέτι</em></span> 
     </span>
     <span class='ocr_line' id='line_1_31' title="bbox 311 3544 2562 3637; baseline 0.001 -25"><span class='ocrx_word' id='word_1_303' title='bbox 311 3544 433 3631; x_wconf 79' lang='grc' dir='ltr'>γὰρ</span> <span class='ocrx_word' id='word_1_304' title='bbox 474 3544 916 3629; x_wconf 74' lang='grc' dir='ltr'><em>ἐξακούουσιν</em></span> <span class='ocrx_word' id='word_1_305' title='bbox 955 3547 1028 3611; x_wconf 77' lang='grc' dir='ltr'>ἐν</span> <span class='ocrx_word' id='word_1_306' title='bbox 1066 3552 1147 3630; x_wconf 76' lang='grc' dir='ltr'>τῇ</span> <span class='ocrx_word' id='word_1_307' title='bbox 1184 3552 1337 3637; x_wconf 81' lang='grc' dir='ltr'><em>σκιᾷ</em></span> <span class='ocrx_word' id='word_1_308' title='bbox 1367 3553 1470 3627; x_wconf 91' lang='lat' dir='ltr'>(sc.</span> <span class='ocrx_word' id='word_1_309' title='bbox 1494 3545 1791 3634; x_wconf 77' lang='grc' dir='ltr'><em>σελήνης)</em></span> <span class='ocrx_word' id='word_1_310' title='bbox 1824 3546 2174 3633; x_wconf 82' lang='grc' dir='ltr'><em>γενόμεναι</em></span> <span class='ocrx_word' id='word_1_311' title='bbox 2206 3555 2308 3627; x_wconf 90' lang='lat' dir='ltr'>(sc.</span> <span class='ocrx_word' id='word_1_312' title='bbox 2333 3551 2562 3633; x_wconf 85' lang='grc' dir='ltr'><em>ψυχαὶ)</em></span> 
     </span>
     <span class='ocr_line' id='line_1_32' title="bbox 310 3643 2561 3736; baseline 0 -22"><span class='ocrx_word' id='word_1_313' title='bbox 310 3653 427 3736; x_wconf 81' lang='grc' dir='ltr'>τῆς</span> <span class='ocrx_word' id='word_1_314' title='bbox 465 3652 618 3733; x_wconf 82' lang='grc' dir='ltr'><em>περὶ</em></span> <span class='ocrx_word' id='word_1_315' title='bbox 656 3647 780 3715; x_wconf 84' lang='grc' dir='ltr'>τὸν</span> <span class='ocrx_word' id='word_1_316' title='bbox 819 3643 1120 3733; x_wconf 78' lang='grc' dir='ltr'><em>ου’ρανὸν</em></span> <span class='ocrx_word' id='word_1_317' title='bbox 1161 3648 1511 3734; x_wconf 75' lang='grc' dir='ltr'><em>ἁρμονίας;</em></span> <span class='ocrx_word' id='word_1_318' title='bbox 1553 3654 1691 3713; x_wconf 90' lang='lat' dir='ltr'>dein</span> <span class='ocrx_word' id='word_1_319' title='bbox 1728 3657 1879 3729; x_wconf 89' lang='lat' dir='ltr'>legis</span> <span class='ocrx_word' id='word_1_320' title='bbox 1922 3672 1969 3714; x_wconf 91' lang='lat' dir='ltr'>c.</span> <span class='ocrx_word' id='word_1_321' title='bbox 1996 3657 2075 3713; x_wconf 90' lang='grc'>30</span> <span class='ocrx_word' id='word_1_322' title='bbox 2116 3674 2170 3735; x_wconf 91' lang='lat' dir='ltr'>p.</span> <span class='ocrx_word' id='word_1_323' title='bbox 2196 3656 2392 3714; x_wconf 82' lang='lat' dir='ltr'>944D</span> <span class='ocrx_word' id='word_1_324' title='bbox 2426 3656 2561 3715; x_wconf 89' lang='lat' dir='ltr'>dae·</span> 
     </span>
     <span class='ocr_line' id='line_1_33' title="bbox 312 3757 2563 3833; baseline 0.001 -19"><span class='ocrx_word' id='word_1_325' title='bbox 312 3773 514 3815; x_wconf 89' lang='lat' dir='ltr'>mones</span> <span class='ocrx_word' id='word_1_326' title='bbox 573 3758 609 3814; x_wconf 89' lang='lat' dir='ltr'>i.</span> <span class='ocrx_word' id='word_1_327' title='bbox 641 3762 697 3815; x_wconf 68' lang='lat' dir='ltr'>e.</span> <span class='ocrx_word' id='word_1_328' title='bbox 749 3758 990 3815; x_wconf 89' lang='lat' dir='ltr'>lunares</span> <span class='ocrx_word' id='word_1_329' title='bbox 1057 3758 1280 3815; x_wconf 89' lang='lat' dir='ltr'>animas</span> <span class='ocrx_word' id='word_1_330' title='bbox 1346 3759 1495 3816; x_wconf 89' lang='lat' dir='ltr'>tueri</span> <span class='ocrx_word' id='word_1_331' title='bbox 1554 3757 1822 3817; x_wconf 90' lang='lat' dir='ltr'>homines</span> <span class='ocrx_word' id='word_1_332' title='bbox 1883 3776 2058 3833; x_wconf 86' lang='lat' dir='ltr'>quam</span> <span class='ocrx_word' id='word_1_333' title='bbox 2118 3758 2442 3817; x_wconf 87' lang='lat' dir='ltr'>doctrinam</span> <span class='ocrx_word' id='word_1_334' title='bbox 2499 3763 2563 3817; x_wconf 90' lang='lat' dir='ltr'>ut</span> 
     </span>
     <span class='ocr_line' id='line_1_34' title="bbox 311 3858 2562 3936; baseline 0.001 -19"><span class='ocrx_word' id='word_1_335' title='bbox 311 3858 820 3936; x_wconf 85' lang='lat' dir='ltr'>Pythagoreorum</span> <span class='ocrx_word' id='word_1_336' title='bbox 866 3876 1046 3935; x_wconf 88' lang='lat' dir='ltr'>supra</span> <span class='ocrx_word' id='word_1_337' title='bbox 1098 3862 1177 3934; x_wconf 93' lang='lat' dir='ltr'>(p.</span> <span class='ocrx_word' id='word_1_338' title='bbox 1209 3861 1272 3934; x_wconf 93' lang='grc'>8)</span> <span class='ocrx_word' id='word_1_339' title='bbox 1328 3861 1578 3920; x_wconf 89' lang='lat' dir='ltr'>eruimus</span> <span class='ocrx_word' id='word_1_340' title='bbox 1634 3859 1705 3918; x_wconf 89' lang='lat' dir='ltr'>cf.</span> <span class='ocrx_word' id='word_1_341' title='bbox 1752 3859 2015 3919; x_wconf 84' lang='lat' dir='ltr'>Chalcid.</span> <span class='ocrx_word' id='word_1_342' title='bbox 2059 3878 2113 3936; x_wconf 91' lang='lat' dir='ltr'>p.</span> <span class='ocrx_word' id='word_1_343' title='bbox 2148 3859 2264 3918; x_wconf 89' lang='grc'>241</span> <span class='ocrx_word' id='word_1_344' title='bbox 2304 3861 2562 3919; x_wconf 91' lang='lat' dir='ltr'>Wrobel.</span> 
     </span>
     <span class='ocr_line' id='line_1_35' title="bbox 312 3962 2561 4038; baseline 0.001 -19"><span class='ocrx_word' id='word_1_345' title='bbox 312 3962 626 4021; x_wconf 85' lang='lat' dir='ltr'>Praeterea</span> <span class='ocrx_word' id='word_1_346' title='bbox 684 3962 1034 4021; x_wconf 89' lang='lat' dir='ltr'>Plutarchus</span> <span class='ocrx_word' id='word_1_347' title='bbox 1101 3980 1148 4020; x_wconf 92' lang='lat' dir='ltr'>c.</span> <span class='ocrx_word' id='word_1_348' title='bbox 1182 3963 1260 4019; x_wconf 92' lang='grc'>29</span> <span class='ocrx_word' id='word_1_349' title='bbox 1326 3980 1380 4037; x_wconf 91' lang='lat' dir='ltr'>p.</span> <span class='ocrx_word' id='word_1_350' title='bbox 1415 3963 1537 4020; x_wconf 87' lang='lat'>944</span> <span class='ocrx_word' id='word_1_351' title='bbox 1565 3964 1609 4023; x_wconf 84' lang='lat' dir='ltr'>O</span> <span class='ocrx_word' id='word_1_352' title='bbox 1674 3964 1855 4021; x_wconf 86' lang='lat' dir='ltr'>lunae</span> <span class='ocrx_word' id='word_1_353' title='bbox 1922 3966 2148 4038; x_wconf 89' lang='lat' dir='ltr'>partem</span> <span class='ocrx_word' id='word_1_354' title='bbox 2214 3962 2291 4021; x_wconf 84' lang='lat' dir='ltr'>ad</span> <span class='ocrx_word' id='word_1_355' title='bbox 2346 3967 2561 4021; x_wconf 90' lang='lat' dir='ltr'>terram</span> 
     </span>
     <span class='ocr_line' id='line_1_36' title="bbox 311 4058 2563 4146; baseline 0.001 -24"><span class='ocrx_word' id='word_1_356' title='bbox 311 4082 540 4123; x_wconf 84' lang='lat' dir='ltr'>versam</span> <span class='ocrx_word' id='word_1_357' title='bbox 598 4060 1022 4146; x_wconf 84' lang='grc' dir='ltr'><em>Φερσεφόνης</em></span> <span class='ocrx_word' id='word_1_358' title='bbox 1083 4082 1210 4123; x_wconf 90' lang='lat' dir='ltr'>esse</span> <span class='ocrx_word' id='word_1_359' title='bbox 1271 4058 1644 4145; x_wconf 73' lang='grc' dir='ltr'><em>ἀντίχθονα</em></span> <span class='ocrx_word' id='word_1_360' title='bbox 1705 4064 2007 4140; x_wconf 87' lang='lat' dir='ltr'>significat.</span> <span class='ocrx_word' id='word_1_361' title='bbox 2105 4065 2274 4137; x_wconf 79' lang='lat' dir='ltr'>Quod</span> <span class='ocrx_word' id='word_1_362' title='bbox 2334 4070 2563 4141; x_wconf 86' lang='lat' dir='ltr'>spectat</span> 
     </span>
     <span class='ocr_line' id='line_1_37' title="bbox 311 4166 2561 4252; baseline 0.001 -29"><span class='ocrx_word' id='word_1_363' title='bbox 311 4166 387 4224; x_wconf 88' lang='lat' dir='ltr'>ad</span> <span class='ocrx_word' id='word_1_364' title='bbox 453 4168 620 4224; x_wconf 88' lang='lat' dir='ltr'>illam</span> <span class='ocrx_word' id='word_1_365' title='bbox 678 4167 934 4225; x_wconf 88' lang='lat' dir='ltr'>Hecates</span> <span class='ocrx_word' id='word_1_366' title='bbox 1000 4185 1127 4225; x_wconf 92' lang='lat' dir='ltr'>cum</span> <span class='ocrx_word' id='word_1_367' title='bbox 1189 4169 1542 4243; x_wconf 88' lang='lat' dir='ltr'>Proserpina</span> <span class='ocrx_word' id='word_1_368' title='bbox 1608 4168 2007 4252; x_wconf 84' lang='lat' dir='ltr'>confusionem</span> <span class='ocrx_word' id='word_1_369' title='bbox 2074 4186 2215 4227; x_wconf 88' lang='lat' dir='ltr'>sane</span> <span class='ocrx_word' id='word_1_370' title='bbox 2275 4174 2561 4226; x_wconf 83' lang='lat' dir='ltr'>vetustam</span> 
     </span>
     <span class='ocr_line' id='line_1_38' title="bbox 310 4269 2561 4347; baseline 0.001 -21"><span class='ocrx_word' id='word_1_371' title='bbox 310 4286 482 4344; x_wconf 87' lang='lat' dir='ltr'>quam</span> <span class='ocrx_word' id='word_1_372' title='bbox 536 4270 759 4344; x_wconf 88' lang='lat' dir='ltr'>reperis</span> <span class='ocrx_word' id='word_1_373' title='bbox 812 4271 926 4326; x_wconf 90' lang='lat' dir='ltr'>iam</span> <span class='ocrx_word' id='word_1_374' title='bbox 980 4270 1040 4326; x_wconf 88' lang='lat' dir='ltr'>in</span> <span class='ocrx_word' id='word_1_375' title='bbox 1094 4269 1326 4342; x_wconf 82' lang='lat' dir='ltr'>hymnis</span> <span class='ocrx_word' id='word_1_376' title='bbox 1369 4270 1696 4329; x_wconf 89' lang='lat' dir='ltr'>Homericis</span> <span class='ocrx_word' id='word_1_377' title='bbox 1749 4269 1837 4347; x_wconf 91' lang='lat' dir='ltr'>(in</span> <span class='ocrx_word' id='word_1_378' title='bbox 1884 4271 2153 4331; x_wconf 86' lang='lat' dir='ltr'>Cererem</span> <span class='ocrx_word' id='word_1_379' title='bbox 2198 4270 2265 4344; x_wconf 92' lang='lat' dir='ltr'>V,</span> <span class='ocrx_word' id='word_1_380' title='bbox 2318 4271 2561 4329; x_wconf 88' lang='lat' dir='ltr'>Norden</span> 
     </span>
     <span class='ocr_line' id='line_1_39' title="bbox 321 4368 2560 4449; baseline 0.001 -19"><span class='ocrx_word' id='word_1_381' title='bbox 321 4370 484 4445; x_wconf 71' lang='lat' dir='ltr'>Very.</span> <span class='ocrx_word' id='word_1_382' title='bbox 517 4368 666 4429; x_wconf 74' lang='lat' dir='ltr'>Aen.</span> <span class='ocrx_word' id='word_1_383' title='bbox 697 4370 792 4429; x_wconf 90' lang='lat' dir='ltr'>VI</span> <span class='ocrx_word' id='word_1_384' title='bbox 800 4372 824 4412; x_wconf 86' lang='lat'><strong>2</strong></span> <span class='ocrx_word' id='word_1_385' title='bbox 877 4388 932 4446; x_wconf 95' lang='lat' dir='ltr'>p.</span> <span class='ocrx_word' id='word_1_386' title='bbox 958 4370 1091 4448; x_wconf 87' lang='grc'>23),</span> <span class='ocrx_word' id='word_1_387' title='bbox 1139 4390 1194 4429; x_wconf 89' lang='lat' dir='ltr'><strong>v.</strong></span> <span class='ocrx_word' id='word_1_388' title='bbox 1223 4372 1474 4430; x_wconf 88' lang='lat' dir='ltr'>Ennium</span> <span class='ocrx_word' id='word_1_389' title='bbox 1521 4374 1618 4431; x_wconf 87' lang='lat' dir='ltr'>vel</span> <span class='ocrx_word' id='word_1_390' title='bbox 1664 4374 1856 4448; x_wconf 90' lang='lat' dir='ltr'>potius</span> <span class='ocrx_word' id='word_1_391' title='bbox 1899 4373 2338 4449; x_wconf 89' lang='lat' dir='ltr'>Epicharmum,</span> <span class='ocrx_word' id='word_1_392' title='bbox 2389 4390 2560 4449; x_wconf 87' lang='lat' dir='ltr'>quem</span> 
     </span>
     <span class='ocr_line' id='line_1_40' title="bbox 1219 4488 1259 4531; baseline 0 0"><span class='ocrx_word' id='word_1_393' title='bbox 1219 4488 1259 4531; x_wconf 70' lang='grc' dir='ltr'><em>ο</em></span> 
     </span>
    </p>
   </div>
  </div>
 </body>
</html>
