3251 5125
2503 365 2586 426 ‘tl-9

1429 710 1502 768 Π.

784 868 904 937 De
960 866 1221 937 stellis
1274 867 1743 941 animarum
1794 867 2152 936 sedibus

517 1171 780 1247 Simplex
839 1173 1063 1230 animus
1115 1172 1215 1231 ubi
1266 1176 1451 1231 totum
1478 1214 1481 1217 -
1505 1189 1568 1232 se
1621 1173 1785 1248 ponit
1823 1172 1902 1230 in
1954 1171 2411 1248 contemplanda
2461 1191 2593 1249 per*

343 1274 768 1350 spiciendaque
832 1279 1119 1334 nocturna
1183 1276 1341 1334 eaeli
1406 1275 1595 1334 forma
1655 1274 1915 1349 undique
1975 1276 2145 1334 astris
2205 1274 2479 1334 distincta
2538 1282 2597 1336 et

346 1381 572 1451 ornata,
615 1378 845 1454 penitus
887 1380 1080 1454 eoepit
1125 1379 1321 1437 mirari
1365 1377 1620 1438 siderum
1666 1383 1726 1437 et
1769 1380 1957 1436 motus
1995 1394 2226 1453 semper
2262 1382 2596 1438 constantes

345 1485 646 1555 ratesque,
712 1485 771 1539 et
835 1481 1333 1540 innumerabilem
1386 1479 1825 1539 multitudinem
1890 1484 1948 1538 et
2013 1481 2340 1539 claritatem
2400 1482 2597 1541 unius-

348 1583 630 1656 cuiusque
681 1601 904 1658 puram.
991 1582 1119 1653 Qua
1173 1601 1248 1642 ex
1301 1581 1686 1641 admiratione
1731 1585 2079 1642 exstiterunt
2121 1584 2369 1657 primum
2412 1601 2598 1643 nexus

351 1685 590 1760 quidam
640 1687 795 1745 inter
846 1685 1043 1745 sidera
1087 1704 1156 1745 ae
1200 1686 1388 1743 vitam
1424 1684 1763 1760 humanam,
1815 1686 2003 1744 veluti
2046 1689 2202 1742 astra
2244 1684 2438 1744 ferunt
2482 1687 2598 1745 vim

350 1787 610 1861 aliquam
668 1786 886 1847 habere
943 1788 1019 1847 ad
1072 1806 1166 1847 res
1219 1789 1377 1846 vitae
1430 1787 1721 1846 humanae
1767 1786 2047 1846 diversas.
2066 1789 2114 1862 1)
2196 1786 2349 1858 Quid
2392 1789 2598 1847 mirum

350 1890 528 1964 igitur
578 1890 736 1965 quod
782 1891 895 1948 iam
942 1892 1002 1948 in
1047 1891 1300 1966 simplici
1344 1891 1538 1949 animo
1584 1893 1760 1950 enata
1804 1893 1893 1949 est
1936 1890 2202 1964 quaestio
2247 1889 2323 1949 ad
2364 1891 2601 1950 intelle-

352 1993 608 2069 gendum
654 1994 1092 2053 accommodata
1133 2012 1272 2053 num
1316 1994 1464 2053 haee
1509 1994 1792 2053 caelestia
1830 1997 1989 2052 astra
2025 1994 2155 2068 ipsa
2195 1992 2603 2054 defunctorum·

353 2097 582 2155 animae
639 2097 740 2154 vel
797 2099 1004 2155 saltem
1066 2114 1265 2155 earum
1323 2096 1493 2156 sedes
1548 2095 1777 2172 sint?2)
1863 2094 2011 2153 Inde
2054 2094 2118 2154 fit
2161 2100 2225 2154 ut
2270 2096 2426 2172 apud
2468 2113 2602 2172 per-

351 2199 567 2257 multas
605 2204 810 2273 gentes
850 2199 1102 2257 omnium
1141 2201 1466 2274 temporum
1495 2199 1907 2274 pervulgatam
1937 2197 2241 2256 videamus
2272 2199 2604 2274 opinionem

353 2317 471 2375 qua
536 2300 968 2360 demonstratur
1031 2301 1255 2359 animas
1319 2299 1615 2360 hominum
1683 2303 1819 2375 post
1884 2299 2204 2359 discessum
2264 2319 2300 2358 a
2359 2318 2603 2377 corpore

354 2405 460 2460 vel
515 2405 674 2478 ipsas
729 2403 856 2462 fieri
913 2405 1121 2462 stellas
1175 2404 1276 2461 vel
1328 2404 1391 2461 in
1445 2403 1639 2462 stellis
1692 2401 2041 2478 habitare.³)
2143 2403 2335 2461 Etiam
2390 2402 2605 2462 Graeci

355 2509 756 2580 cognoverunt
808 2507 1112 2583 opiniones
1163 2523 1284 2565 non
1337 2505 1673 2565 dissimiles:
1753 2504 2009 2577 Quarum
2061 2504 2134 2565 de
2181 2506 2404 2581 origine
2448 2506 2605 2582 apud

356 2626 459 2668 eos
538 2610 869 2684 nuperrime
951 2610 1071 2685 egit
1151 2609 1402 2667 Ervinns
1474 2609 1712 2668 Pfeiffer
1794 2607 2067 2682 (Studien
2146 2627 2279 2667 zum
2364 2611 2607 2669 antiken

358 2710 790 2785 Sternyzauben
827 2729 898 2787 p.
928 2712 1045 2769 113
1071 2728 1167 2786 ss„
1223 2710 1526 2791 Στοιχεῖα
1570 2711 1629 2768 II
1679 2709 1884 2786 1915).
1971 2711 2061 2769 De
2115 2712 2307 2773 stellis
2362 2716 2421 2771 et
2464 2713 2605 2787 ipsis

531 2966 575 3034 1)
611 2964 694 3020 Of.
720 2966 787 3019 R.
807 2960 1029 3019 Andree
1062 2963 1576 3035 Ethnoyraphische
1598 2958 1913 3018 Parallelen
1943 2962 2060 3017 und
2083 2962 2403 3033 Veryleiche
2437 2964 2608 3020 Stutt-
2623 2935 2635 2946 .

359 3055 484 3123 gart
515 3054 644 3105 1878
681 3068 735 3121 p.
759 3054 872 3105 103.

531 3145 577 3214 ²)
622 3143 706 3201 cf.
741 3144 808 3198 K.
834 3144 1178 3199 Bruehmann
1211 3143 1663 3214 Psyeholoqisehe
1696 3142 1931 3199 Studien
1964 3159 2067 3197 zur
2100 3142 2611 3214 Sprachyeschichte

358 3248 426 3301 p.-
443 3235 540 3306 104
559 3246 603 3285 s.
647 3229 1111 3301 (Einzelbeitrttge
1165 3246 1260 3283 zur
1307 3229 1670 3298 allgemeinen
1719 3229 1832 3283 und
1878 3228 2335 3298 vergleiehenden
2381 3228 2611 3299 Spraeh·

361 3316 742 3372 wissenschaft
775 3316 860 3370 111
899 3318 1073 3384 1888).

533 3414 580 3480 ³)
623 3410 794 3479 Apud
837 3410 1141 3465 Germanos
1186 3408 1256 3464 ef.
1291 3410 1615 3479 Mannhardt
1659 3409 1837 3463 Germ.
1863 3408 2097 3479 Mythen
2139 3426 2193 3479 p.
2214 3414 2337 3464 728:
2380 3410 2475 3465 Sie
2511 3412 2609 3477 (se.

363 3496 452 3551 die
483 3496 752 3565 frommen
777 3495 984 3563 Seelen)
1022 3495 1186 3549 teilen
1221 3494 1324 3548 den
1353 3494 1648 3550 Gestirnen
1681 3494 1775 3549 ihr
1801 3494 1967 3549 Licht
1995 3494 2113 3561 mit,
2149 3494 2339 3549 stetten
2364 3494 2613 3549 Sonnen-

361 3581 479 3636 und
513 3577 931 3637 Sternenschein
975 3580 1069 3634 her
1110 3580 1239 3634 oder
1278 3579 1522 3635 stramen
1563 3580 1726 3635 selbst
1771 3581 1854 3633 als
1893 3580 2190 3650 qldnzende
2226 3578 2483 3635 Gestirne
2520 3580 2614 3635 ihr

362 3666 531 3721 Licht
582 3682 684 3721 zur
735 3666 886 3719 Erde
931 3665 1120 3720 wieder
1173 3681 1218 3720 e.
1261 3665 1448 3720 adnot.
1475 3671 1528 3734 1,
1593 3666 1741 3734 apud
1794 3665 2051 3720 Indianos
2104 3664 2171 3720 of.
2217 3667 2277 3719 L.
2308 3666 2613 3721 Frobenius

361 3753 479 3807 Die
523 3752 1019 3821 Weltanschauuny
1067 3751 1162 3805 der
1209 3750 1589 3819 Naturvolker,
1640 3751 1879 3806 Weimar
1926 3756 2058 3807 1898
2104 3768 2156 3821 p.
2191 3756 2283 3805 165
2332 3752 2613 3822 (Beitriige

363 3854 460 3895 zur
503 3837 706 3894 Volks·
750 3837 862 3895 und
909 3835 1312 3893 Volkerkunde
1347 3837 1477 3906 V1);
1532 3838 1681 3906 apud
1725 3836 2034 3891 Australiae
2078 3842 2271 3905 gentes
2314 3836 2381 3891 ef.
2419 3838 2616 3891 Ratzel

343 3924 732 3980 .V6lkerkunde
777 3924 836 3977 12
881 3939 936 3992 p.
963 3926 1089 3977 353:
1139 3923 1212 3977 So
1264 3922 1453 3993 qlaubt
1505 3939 1636 3977 man
1684 3924 1745 3976 in
1794 3922 2177 3977 Neusiidwales
2227 3922 2614 3993 (Australien)‚

365 4009 494 4076 dass
545 4009 634 4063 die
679 4008 864 4063 Seelen
916 4008 996 4061 in·
1027 4008 1131 4063 den
1176 4008 1399 4063 Wolken
1445 4007 1806 4075 weita-leben,
1859 4008 1939 4061 im
1983 4008 2191 4077 Sueten,
2246 4008 2372 4075 dass
2418 4008 2499 4062 sie
2545 4024 2617 4063 zu

365 4095 599 4150 Sternere
642 4094 877 4159 werden3
924 4095 980 4148 in
1021 4092 1256 4149 Oceania
1299 4093 1372 4148 ef.
1407 4093 1739 4149 Frobenium
1779 4093 1814 4147 l.
1841 4092 1875 4147 l.
1911 4110 1965 4163 p.
1989 4098 2113 4163 1353
2146 4094 2306 4163 apud
2349 4094 2617 4164 quasdam

365 4179 657 4237 Amerieae
696 4185 891 4249 gentes
932 4179 1003 4233 ef.
1036 4180 1102 4234 N.
1127 4178 1454 4233 Soderblom
1493 4179 1584 4233 La
1616 4179 1704 4233 vie
1737 4178 1927 4248 future
1962 4178 2174 4247 d'apree
2210 4179 2255 4233 le
2286 4178 2619 4233 Mazdeismc

364 4283 422 4337 p.
448 4270 538 4335 363
601 4265 753 4335 apud
789 4264 1132 4334 -Patagonios
1189 4264 1261 4319 ef.
1309 4265 1531 4321 Bastian
1586 4263 1974 4321 Verbleibsorte
2027 4264 2121 4319 der
2172 4263 2620 4335 abyssehiedaemen

366 4352 514 4408 Seele
547 4368 602 4421 p.
629 4356 710 4405 21.

2250 4452 2313 4506 2*
