3251 5125
721 395 797 453 10

714 588 772 644 p.
802 569 919 642 17).
994 560 1248 626 Accedit
1292 563 1448 640 quod
1494 565 1714 624 similes
1760 564 1833 623 de
1877 566 2019 623 luna
2064 564 2365 639 opiniones
2412 567 2545 622 ante
2583 563 2968 622 Aristotelem

714 671 829 728 iam
875 668 1266 745 Empedocles
1313 686 1384 727 ex
1430 667 1757 726 Ionicorum
1803 665 2285 742 philosophorum
2330 665 2653 740 astrologia
2694 666 2965 741 protulit;

717 771 912 831 docuit
964 773 1117 830 enim
1169 770 1266 829 hic
1319 773 1500 828 totam
1554 769 1787 844 quidem
1832 769 2130 844 regionem
2178 768 2283 827 sub
2327 769 2472 826 luna
2516 770 2683 827 sitam
2729 769 2967 845 plenam

717 875 974 934 cuiusvis
1016 873 1279 945 iniuriae,
1324 875 1460 931 loca
1504 877 1695 931 autem
1742 889 1918 948 supra
1960 872 2227 929 lunarem
2264 870 2501 946 globum
2542 872 2655 930 sita
2692 872 2965 945 quoniam

715 977 864 1036 haec
930 976 1113 1035 multo
1178 977 1412 1052 puriora
1477 979 1673 1033 essent
1729 975 1877 1046 illis,
1944 992 2133 1032 vacua
2190 991 2317 1032 esse
2376 974 2629 1044 iniuriis;
2696 973 2769 1033 cf.
2820 975 2965 1049 Hip-

716 1081 902 1156 polyt.
931 1080 959 1137 1
989 1079 1047 1152 4,
1071 1079 1108 1135 3
1141 1078 1338 1151 (Diels
1370 1078 1520 1136 Dox.
1556 1095 1614 1152 p.
1640 1076 1781 1148 559,
1822 1075 1983 1135 Vors.
2016 1078 2079 1135 13
2117 1094 2172 1151 p.
2199 1078 2371 1151 210):
2412 1065 2639 1156 ὥσπερ
2677 1063 2713 1136 ὁ
2744 1063 2965 1155 Ἑμπε-

717 1179 960 1261 δοκλῆς
1021 1173 1248 1242 πάντα
1315 1171 1438 1240 τὸν
1504 1180 1667 1240 καθ’
1730 1173 1896 1261 ἡμᾶς
1961 1172 2182 1239 τόπον
2244 1171 2367 1258 ἔφη
2428 1178 2663 1238 κακῶν
2722 1169 2967 1257 μεστὸν

719 1275 887 1344 εἶναι
940 1279 1052 1344 καὶ
1104 1279 1291 1362 μέχρι
1342 1277 1463 1361 μὲν
1515 1273 1791 1364 σελήνης
1836 1275 1918 1342 τὰ
1962 1274 2141 1341 κακὰ
2184 1275 2477 1358 φθάνειν
2521 1275 2596 1341 ἐκ
2641 1279 2766 1341 τοῦ
2813 1276 2964 1360 περὶ

716 1384 845 1467 γῆν
889 1377 1108 1447 τόπου
1153 1382 1471 1459 ταθέντα,
1516 1381 1889 1464 περαιτέρω
1937 1379 2007 1445 δὲ
2049 1377 2138 1466 μὴ
2176 1391 2445 1462 χωρεῖν,
2490 1372 2605 1443 ἅτε
2649 1385 2963 1461 καθαρω·

717 1485 917 1567 τέρου
941 1489 984 1562 1)
1038 1487 1164 1548 τοῦ
1214 1481 1386 1568 ὑπὲρ
1431 1482 1557 1570 τὴν
1601 1483 1887 1569 σελήνην
1932 1479 2185 1559 παντὸς
2232 1477 2431 1558 ὄντος
2476 1479 2730 1547 τόπου·
2779 1476 2964 1546 οὕτω

715 1587 827 1650 καὶ
872 1587 995 1651 τῶι
1036 1583 1461 1669 Ἡρακλεὶτωι
1507 1582 1737 1665 ἔδοξεν
1760 1588 1853 1664 (‘?).

887 1691 1292 1766 Pythagoreos
1350 1692 1527 1767 igitur
1578 1691 1829 1750 vidimus
1887 1693 2085 1750 lunam
2146 1690 2358 1750 ducere
2414 1690 2723 1750 confinium
2774 1708 2967 1749 rerum

717 1797 1052 1855 caelestium
1116 1799 1174 1852 et
1231 1797 1622 1866 terrenarum3
1682 1793 1838 1852 unde
1891 1811 2047 1851 nova
2099 1795 2209 1852 lux'
2259 1793 2505 1868 affulget
2558 1796 2790 1852 nostrae
2835 1810 2965 1852 sen-

716 1897 962 1969 tentiae,
1016 1914 1130 1970 qua
1174 1894 1603 1954 demonstratur
1649 1897 1849 1953 lunam
1894 1912 2021 1954 esse
2067 1896 2387 1957 animarum
2433 1894 2649 1954 sedem.
2735 1896 2967 1954 Etenim

717 2001 766 2059 si
816 2001 960 2057 luna
1013 1974 1290 2074 cogitata(
1313 2002 1401 2058 est
1446 1997 1758 2057 confinium
1802 1997 2002 2056 mundi
2046 1999 2319 2057 caelestis
2366 2002 2423 2055 et
2467 1999 2709 2070 terreni,
2762 1996 2966 2058 eadem

716 2106 1011 2176 tamquam
1059 2102 1209 2160 caeli
1254 2104 1424 2177 porta
1467 2100 1574 2159 fuit
1618 2119 1737 2177 qua
1782 2101 2009 2160 animae
2054 2105 2368 2176 penetrant
2412 2099 2488 2158 ad
2532 2102 2850 2178 superiora.

887 2205 967 2264 Ut
1023 2205 1083 2262 in
1142 2202 1645 2278 Pythagoreorum
1708 2203 1779 2262 de
1838 2206 1983 2262 luna
2043 2204 2347 2263 sententiis
2406 2204 2831 2279 perlustrandis
2890 2205 2967 2264 ad

639 2385 646 2392 ·
716 2306 889 2365 finem
940 2307 1374 2381 perveniamUS,
1431 2308 1574 2364 satis
1627 2311 1767 2381 puto
1821 2308 2259 2381 comprobatum
2303 2307 2455 2365 inter
2498 2325 2599 2366 eos
2642 2307 2823 2367 fuisse
2868 2308 2970 2383 qui

718 2427 784 2468 re
821 2427 964 2468 vera
1002 2410 1201 2467 lunam
1241 2407 1549 2467 habuerint
1589 2410 1909 2466 animarum
1952 2409 2147 2467 sedem
2187 2411 2286 2468 vel
2324 2413 2480 2468 certe
2512 2427 2639 2469 eam
2669 2411 2970 2486 posuerint

719 2530 847 2573 esse
904 2513 1137 2571 ianuam
1194 2529 1310 2587 qua
1361 2512 1577 2571 intrent
1630 2512 1860 2570 animae
1914 2512 1975 2570 in
2030 2513 2277 2571 caelum.
2363 2510 2617 2573 Eosdem
2659 2513 2859 2573 lunam
2905 2520 2969 2575 ut

719 2614 1076 2674 Iamblichus
1099 2614 1277 2673 tradit
1300 2614 1661 2689 significasse
1684 2614 1986 2674 beatorum
2009 2615 2261 2675 insulam
2281 2616 2768 2675 verisimillimum
2792 2618 2967 2689 duc03

718 2736 850 2776 nam
898 2719 1202 2795 opiniones
1247 2718 1548 2775 beatorum
1592 2718 1918 2776 insularum
1966 2719 2172 2793 quales
2217 2720 2485 2777 excultas
2524 2718 2773 2779 vidimus
2810 2718 2968 2795 apud

718 2822 1038 2881 Homerum
1083 2818 1148 2895 (δ
1179 2820 1295 2879 561
1319 2822 1414 2896 88.)
1461 2823 1520 2878 et
1562 2821 1622 2877 in
1666 2819 1911 2879 Hesiodi
1952 2820 2303 2881 carminibus
2349 2820 2480 2898 (Op.
2521 2826 2595 2880 et.
2633 2823 2703 2880 D.
2734 2824 2851 2881 165
2870 2824 2968 2899 88.)

717 2925 833 2983 iam
891 2927 1011 2982 tum
1068 2924 1190 2982 late
1249 2924 1637 2998 pervulgatae
1698 2926 1865 2982 erant
1923 2927 2100 2998 atque
2151 2958 2237 2966 —
2290 2925 2350 2984 id
2402 2925 2558 3000 quod
2612 2943 2730 2983 non
2784 2928 2967 2985 multo

719 3025 957 3085 minoris
1019 3028 1106 3083 est
1163 3025 1439 3083 momenti
1498 3058 1582 3067 —-
1641 3026 1787 3083 luna
1845 3030 1909 3085 ut
1966 3026 2220 3085 cuiusvis
2282 3028 2453 3086 oculo
2516 3028 2687 3086 etiam
2748 3026 2965 3101 Pytha-

719 3128 913 3203 goreis
971 3128 1102 3186 visa
1161 3131 1248 3186 est
1308 3126 1540 3187 deserta
1596 3129 1793 3187 insula
1849 3130 1910 3186 in
1968 3129 2248 3188 immenso
2310 3130 2552 3189 caelesti
2610 3147 2832 3189 oceano
2892 3130 2969 3189 cf.

717 3230 785 3288 L.
823 3229 898 3289 de
937 3228 1267 3289 Schroeder
1307 3228 1559 3289 Arisohe
1599 3230 1880 3306 Reliqz'on
1923 3232 1982 3289 II
2024 3249 2081 3307 p.
2112 3232 2251 3290 670.
2325 3234 2715 3291 Accuratiora
2745 3232 2831 3291 -de
2878 3233 2967 3291 his

718 3331 1222 3407 Pythagoreorum
1290 3333 1662 3408 opinionibus
1726 3333 1881 3393 infra
1939 3351 2013 3393 ex
2070 3335 2389 3395 Plutarcho
2449 3353 2539 3393 me
2599 3352 2769 3411 spero
2832 3354 2967 3411 cap-

718 3438 925 3494 turum.
1013 3436 1358 3510 Priusquam
1419 3439 1608 3495 autem
1670 3435 1782 3496 hoc
1842 3435 2279 3513 aggrediamur,
2340 3455 2485 3514 opus
2543 3441 2967 3515 pertractemus

717 3536 1018 3596 Posidonii
1076 3537 1150 3597 de
1206 3540 1351 3595 luna
1409 3539 1731 3597 animarum
1790 3539 2155 3601 sententiam.
2252 3538 2601 3599 Posidonius
2662 3541 2813 3599 enim
2870 3542 2969 3615 qui

717 3640 780 3698 in
846 3656 914 3698 eo
982 3639 1139 3713 quod
1207 3638 1280 3699 de
1348 3641 1575 3699 animae
1644 3642 1867 3715 origine
1932 3640 2105 3700 docet
2163 3644 2346 3700 multa
2404 3662 2441 3702 a
2499 3643 2749 3702 Platone
2812 3641 2970 3701 dicta

718 3742 1031 3817 rettulit‚2)
1085 3740 1232 3801 haec
1283 3742 1411 3801 fore
1466 3742 1691 3802 docuit:
1747 3744 1942 3801 anima
1986 3744 2125 3819 quia
2169 3748 2257 3803 est
2298 3744 2648 3820 principium
2693 3743 2969 3803 movendi
3065 3760 3067 3763 ’

891 3943 935 4011 ¹)
972 3942 1344 3999 Posteriorum
1377 3944 1539 3997 etiam
1566 3944 1755 3999 Diniae
1784 3960 1869 4013 ap.
1895 3945 2023 3999 Ant.
2048 3944 2213 4013 Diog.
2241 3944 2425 4013 (Phot.
2452 3945 2572 3999 cod.
2598 3949 2694 3998 116
2730 3962 2783 4013 p.
2808 3946 2970 4013 111a)

719 4027 899 4082 lunam
935 4029 1157 4083 vocavit
1191 4024 1622 4098 καθαρωτάτην
1660 4029 1729 4083 cf.
1765 4029 1988 4084 Schmid
2022 4030 2351 4084 Attizismus
2386 4029 2470 4083 III
2506 4048 2558 4098 p.
2584 4035 2694 4084 132.

889 4116 935 4183 ²)
973 4113 1053 4168 Of.
1081 4114 1266 4170 Galen.
1301 4115 1372 4169 de
1405 4114 1545 4183 plac.
1575 4116 1838 4185 Hippoer.
1873 4122 1930 4170 et
1958 4116 2096 4170 Plat.
2121 4116 2202 4171 IV
2231 4132 2285 4185 p.
2306 4120 2405 4171 396
2424 4117 2478 4170 Μ
2512 4114 2579 4171 cf.
2608 4114 2785 4171 Zeller
2812 4116 2894 4169 III
2918 4121 2969 4171 1⁴

719 4215 772 4267 p.
799 4204 898 4253 599
943 4199 1127 4254 adnot.
1147 4205 1215 4270 ¹23
1263 4199 1595 4255 Bonhoeffer
1641 4200 1756 4254 Die
1795 4200 1973 4255 Ethik
2016 4200 2105 4255 des
2140 4200 2382 4256 Stoikers
2417 4200 2649 4270 Epiktet
2690 4218 2745 4269 p.
2770 4207 2863 4255 168
2906 4217 2973 4255 ac

720 4300 896 4355 saep.;
955 4286 1042 4339 Fr.
1073 4286 1304 4340 Cumont
1362 4284 1657 4355 Astroloyy
1718 4286 1829 4339 and
1883 4285 2145 4355 Reliyion
2202 4302 2401 4358 amony
2459 4286 2545 4340 the
2600 4284 2799 4343 Greeks
2859 4285 2973 4345 and

720 4370 980 4440 Romans,
1017 4371 1333 4433 Now-York
1368 4375 1498 4425 1912
1534 4387 1587 4439 p.
1613 4375 1724 4427 172.
