3251 5125
2547 393 2625 453 29

375 561 758 623 Plutarchum
826 562 1042 624 debere
1102 563 1370 624 Platonis
1436 565 1742 624 sententiis
1808 569 1968 625 recte
2026 565 2307 625 Heinzius
2373 568 2631 642 explicat

375 663 654 740 (Xenocr.
698 683 754 742 p.
786 666 954 742 13o);
1009 667 1157 727 locis
1210 667 1284 725 ab
1339 685 1408 729 eo
1461 668 1709 743 prolatis
1756 666 1970 726 addam
2014 667 2261 744 reipubl.
2294 669 2412 726 621
2434 669 2483 726 Β
2526 668 2630 726 ubi

375 771 442 826 ut
484 769 619 827 iam·
643 785 821 844 supra
864 770 1222 845 explicatum
1267 773 1356 829 est
1393 771 1474 846 (p.
1501 770 1580 828 33
1601 771 1669 846 s.)
1710 771 1938 829 animae
1978 787 2128 845 quae
2166 775 2374 846 petunt
2410 788 2627 830 novum

372 875 606 948 partum
651 862 863 934 ἄλλον
913 863 1076 951 ἄλλῃ
1121 867 1446 952 φέρεσθαι
1493 859 1635 932 ἄνω
1680 868 1772 945 εἰς
1814 866 1941 953 τὴν
1980 870 2253 953 γένεσιν,
2301 861 2629 956 ᾄττοντας

372 961 604 1053 ὥσπερ
651 969 947 1054 ἀστέρας.
1037 976 1166 1034 Hoc
1209 992 1400 1051 paene
1445 974 1521 1034 ad
1565 975 1809 1034 verbum
1858 981 2145 1039 consonat
2189 994 2320 1037 cum
2362 978 2433 1035 iis
2476 995 2629 1053 quae

373 1077 727 1137 Plutarchus
773 1076 915 1136 dicit
959 1078 1032 1136 de
1074 1077 1457 1136 daemonibus
1495 1079 1596 1152 qui
1634 1079 1937 1138 stellarum
1977 1080 2175 1155 speeie
2214 1080 2479 1138 vibrant:
2524 1081 2628 1139 l.1.

375 1197 427 1239 c.
453 1181 532 1237 22
571 1198 628 1256 p.
653 1181 770 1239 591
793 1181 872 1239 D:
913 1167 1536 1260 πολλούς“ἀστέρας
1573 1176 1728 1261 περὶ
1769 1173 1847 1241 τὸ
1886 1173 2101 1260 χάσμα
2138 1177 2628 1260 παλλομένους,

375 1273 647 1362 ἑτέρους
708 1279 780 1343 δὲ
838 1279 1382 1362 καταδυομένους
1437 1277 1529 1355 εἰς
1581 1277 1775 1358 αὕτό,
1834 1275 1993 1356 τοὺς
2047 1281 2109 1344 δ’
2161 1274 2491 1367 ᾄττοντας
2544 1273 2628 1345 αὖ

371 1377 694 1446 κάτωθεν
755 1384 827 1444 cf.
871 1385 1034 1461 Ettig
1084 1383 1489 1444 Acheruntiea
1539 1403 1596 1461 p.
1633 1386 1755 1444 332
1810 1384 2009 1448 adnot.
2038 1387 2089 1443 l.
2184 1385 2303 1446 Sed
2355 1403 2499 1446 cave
2552 1405 2627 1446 ne

374 1486 518 1562 quid
549 1489 804 1564 colligas
835 1506 868 1547 e
891 1488 1194 1546 Plutarchi
1225 1493 1284 1546 et
1312 1487 1674 1563 reipublicae
1705 1488 1827 1546 loci
1856 1487 2251 1562 similitudine,
2281 1489 2455 1547 immo
2485 1507 2627 1549 vero

372 1607 451 1649 ex
488 1591 719 1649 Timaei
762 1591 988 1666 dialogi
1033 1609 1164 1650 cum
1201 1590 1523 1650 Plutarcho
1570 1593 2005 1666 comparatione
2050 1591 2297 1651 fructum
2336 1596 2477 1668 puto
2520 1609 2628 1652 nos

374 1710 702 1769 capessere.
758 1693 1430 1769 Singulazinspieiamus.
1483 1692 1832 1752 Timarchus
1862 1692 2015 1752 infra
2046 1679 2330 1770 conspicit
2350 1695 2463 1752 tria
2486 1696 2627 1754 stel-

369 1795 562 1852 larum
600 1811 834 1870 genera,
873 1796 1122 1870 primum
1161 1786 1324 1867 τούς
1357 1791 1480 1874 μὲν
1511 1776 1637 1855 οὖν
1669 1789 2220 1869 ἀποσβέννυσθαι
2251 1793 2627 1870 δοκοῦντας

370 1892 653 1976 ἀστέρας
698 1899 921 1958 animas
966 1915 1066 1957 eas
1111 1915 1261 1972 quae
1301 1896 1564 1956 funditus
1601 1914 1665 1956 se
1703 1898 2107 1957 immerserunt
2146 1899 2443 1974 corporeis
2485 1889 2629 1975 (τὰς

371 1994 468 2073 εἰς
509 1999 694 2079 σῶμα
741 1998 1283 2080 καταδυομένας),
1327 2002 1575 2058 alterum
1621 1993 1782 2073 τοὺς
1822 1998 1881 2062 δ’
1919 1989 2068 2061 οἷον
2110 1987 2628 2081 ἀναλάμποντας

370 2095 582 2164 πάλιν
623 2100 736 2164 καὶ
783 2100 1366 2183 ἀναφαινομένους
1409 2096 1744 2178 κάτωθεν,
1804 2095 2017 2182 ἀχλύν
2060 2123 2211 2164 τινα
2256 2100 2368 2164 καὶ
2413 2096 2627 2183 ζόφον

371 2194 597 2285 ὥσπερ
656 2195 1210 2284 ἀποσειομένους,
1277 2223 1378 2264 eas
1437 2223 1588 2280 quae
1624 2252 1637 2258 -
1647 2209 1782 2282 post
1837 2209 2080 2265 mortem
2141 2206 2441 2280 relinqunt
2499 2224 2623 2265 cor-

369 2313 548 2383 pora3'
587 2309 819 2368 tertium
863 2309 1182 2366 animarum
1228 2325 1414 2384 genus
1459 2311 1593 2367 sunt
1638 2302 1705 2368 αἱ
1751 2298 1897 2368 ἄνω
1938 2300 2427 2387 διαφερόμεναι.
2494 2309 2625 2368 Hae

370 2411 749 2485 appellantur
807 2409 1138 2470 daemones.
1241 2411 1405 2470 Haec
1457 2410 1571 2468 tria
1624 2428 1845 2486 genera
1897 2414 1954 2470 et
2006 2411 2067 2468 in
2120 2411 2394 2483 Timae0‚
2452 2429 2623 2486 quem

368 2513 572 2571 locum·
619 2515 827 2573 iterum
883 2530 1028 2590 opus
1069 2511 1387 2575 ,exhibeam
1446 2513 1548 2591 (41
1571 2514 1677 2590 D),
1728 2514 1971 2589 reperis.
2058 2513 2273 2573 Rerum
2318 2513 2518 2590 opifex
2561 2519 2625 2574 ut

370 2616 490 2674 iam
529 2634 706 2692 supra
742 2616 990 2676 vidimus
1028 2618 1108 2693 (p.
1141 2616 1248 2691 26>
1286 2618 1509 2675 animas
1549 2618 1773 2675 creavit
1809 2618 2113 2676 stellarum
2155 2634 2396 2676 numero
2434 2635 2623 2694 pares.

370 2716 536 2788 Quae
595 2723 821 2794 tempus
881 2720 1253 2778 constitutum
1311 2720 1461 2778 bene
1519 2720 1785 2794 iusteque
1844 2720 1990 2777 vixit
2046 2720 2108 2777 in
2166 2736 2327 2777 suam
2383 2721 2623 2780 stellam

369 2837 610 2879 reversa
659 2822 740 2880 ibi
793 2824 1023 2881 beatam
1080 2821 1242 2897 degit
1294 2822 1489 2880 vitam.
1585 2822 1715 2881 Hoc
1768 2823 1950 2886 tertio.
1994 2821 2299 2883 Plutarchi
2349 2824 2624 2881 convenit

369 2922 696 2982 animarum
764 2925 981 2999 generi.
1088 2925 1318 2983 Animis
1379 2928 1572 2984 autem
1632 2942 1781 2999 quae
1843 2926 2056 2983 iniuste
2115 2926 2413 2999 vixerunt,
2480 2926 2623 2988 deus

369 3027 656 3101 promittit
707 3044 806 3086 eas
857 3030 992 3103 post
1045 3028 1293 3086 alterum
1349 3026 1580 3087 demum
1625 3032 1859 3103 partum
1905 3044 2033 3086 esse
2079 3027 2367 3087 redituras
2411 3028 2489 3087 ad
2532 3030 2621 3087 sui

367 3130 586 3202 simile,
639 3131 701 3187 in
753 3147 868 3205 quo
918 3131 1158 3191 alterius
1200 3130 1512 3189 Plutarchi
1555 3132 1789 3206 generis
1835 3132 2183 3189 memineris.
2270 3129 2332 3189 Si
2376 3148 2518 3190 vero
2564 3134 2623 3191 et

367 3232 434 3289 in
483 3231 596 3313 hoc
649 3233 837 3306 altero
881 3237 1054 3309 partu
1098 3250 1329 3293 sensum
1376 3250 1493 3292 non
1540 3238 1897 3293 commutant
1940 3234 2196 3310 animae,
2248 3235 2309 3291 in
2352 3240 2622 3309 partuum

367 3334 770 3394 vicissitudine
833 3352 942 3400 ‚eas
1015 3354 1162 3413 opus
1232 3353 1580 3412 permanere
1654 3334 1842 3395 donec
1914 3336 2295 3395 restituerunt
2363 3338 2622 3413 ipsarum

367 3440 660 3511 naturam,
696 3418 705 3427 ²
742 3441 861 3496 tum
947 3436 1176 3497 demum
1259 3440 1320 3496 in
1399 3438 1654 3498 siderum
1727 3440 2001 3514 regiones
2072 3440 2291 3497 reverti
2362 3445 2622 3516 possunt.

367 3539 702 3599 Similitudo
747 3539 1051 3600 Plutarchi
1095 3546 1154 3600 et
1197 3542 1462 3601 Platonis
1505 3543 1769 3601 locorum
1812 3545 1992 3618 patet.
2062 3541 2208 3600 Inde
2253 3544 2623 3618 perspicuum

367 3646 460 3701 est
500 3648 808 3717 utrumque
851 3660 958 3702 sua
999 3644 1226 3702 ratione
1271 3645 1613 3719 repetivisse
1658 3645 1896 3703 easdem
1941 3644 2253 3703 doctrinas.
2334 3643 2620 3715 Quoniam

366 3762 510 3803 vero
563 3748 627 3803 ut
677 3762 854 3821 supra
906 3746 1328 3822 explicavimus
1375 3745 1454 3823 (p.
1487 3746 1593 3824 27)
1641 3734 1812 3805 Plato
1863 3748 1924 3803 in
1968 3744 2210 3805 Timaeo
2255 3745 2619 3821 Pythagore-

366 3863 534 3907 orum
588 3849 944 3923 astrologiae
995 3850 1275 3923 presserit
1324 3850 1598 3924 vestigia,
1656 3852 1714 3908 et
1756 3848 2063 3908 Plutarchi
2104 3847 2367 3924 mythum
2413 3848 2620 3909 eodem

364 3952 636 4024 spectare
675 3968 820 4027 opus
857 3968 1159 4027 ponamus.
1225 3950 1731 4027 Pythagoreorum
1770 3956 1963 4010 autem
2004 3952 2287 4011 eiusmodi
2316 3952 2619 4028 opiniones

364 4051 541 4111 modo
594 4054 812 4128 legisse
863 4053 1242 4112 Plutarchum
1298 4055 1438 4113 satis
1492 4058 1722 4113 constat
1772 4056 1835 4113 in
1878 4054 2182 4113 Posidonii
2236 4054 2309 4113 ad
2354 4055 2619 4113 Platonis

363 4155 669 4214 Timaeum
723 4158 1151 4215 commentario.
1240 4158 1439 4231 Atque
1493 4156 1671 4216 facile
1724 4161 1863 4233 puto
1917 4175 2090 4233 posse
2143 4158 2416 4233 intellegi
2457 4158 2618 4216 Posi-

363 4257 603 4317 donium
676 4258 866 4332 ipsum
937 4260 1090 4317 tales
1153 4258 1662 4341 Pythagoreorum
1735 4258 1967 4333 mythos
2038 4261 2101 4317 in
2172 4259 2617 4321 commentando

361 4359 596 4419 Timaei
639 4361 776 4419 loco
819 4360 974 4419 411)
1021 4360 1332 4421 adnotasse
1377 4361 1450 4421 cf.
1488 4380 1545 4438 p.
1576 4363 1670 4422 17.
