3251 5125
2510 376 2589 432 27

312 531 498 607 'aliae
553 565 692 606 vero
749 565 900 622 quae
953 548 1012 605 in
1066 547 1189 606 vita
1240 546 1613 606 indulserunt
1668 528 2107 624 cupiditatibus,
2162 551 2294 623 post
2344 549 2590 606 alterum

345 643 576 709 demum
622 642 904 725 ‘partum‚
978 650 1038 707 in
1112 668 1228 725 quo
1300 651 1516 709 intrare
1585 649 1802 710 debent
1864 651 1925 709 in
1990 667 2237 729 corpora
2296 649 2592 720 feminina,

343 754 646 829 superiora
689 757 935 828 possunt
980 769 1286 828 capessere
1331 753 1460 826 (1.1.
1505 749 1779 829 σφαλεὶς
1822 749 1891 814 δὲ
1930 745 2201 814 τούτων
2240 749 2329 825 εἰς
2368 771 2591 832 γυναι-

341 851 464 928 κὸς
519 848 722 932 φύσιν
775 851 848 916 ἐν
901 854 983 934 τῇ
1037 851 1317 938 δευτέρᾳ
1369 852 1613 934 γενέσει
1667 855 2083 938 μεταβαλοῐ);
2146 857 2235 914 sin
2288 858 2480 913 autem
2534 858 2593 914 et

342 959 406 1016 in
457 957 570 1017 hoe
625 960 814 1016 altero
869 963 1039 1034 partu
1092 957 1345 1016 nondum
1401 957 1748 1016 destiterunt
1802 958 1877 1016 ab
1930 959 2165 1030 iniuria,
2218 959 2279 1015 in
2323 962 2591 1032 partuum

343 1059 742 1120 vicissitudine
778 1061 847 1119 iis
888 1064 975 1119 est
1013 1059 1468 1135 permanendum
1510 1060 1696 1119 donee
1736 1062 2091 1135 superiorem
2131 1077 2293 1119 suam
2327 1064 2592 1118 naturam

342 1179 570 1221 rursum
625 1162 875 1239 adeptae
929 1167 1092 1234 sunt;
1145 1169 1264 1221 tum
1319 1162 1547 1221 demum
1599 1161 1848 1222 redeunt
1892 1163 1968 1221 ad
2013 1164 2099 1222 sui
2143 1162 2334 1221 simile
2377 1161 2483 1237 (42
2508 1161 2593 1236 C).
2687 1231 2694 1240 ι

343 1265 567 1324 Scimus
608 1267 915 1324 Platonem
959 1267 1018 1324 in
1059 1266 1286 1324 Timaei
1329 1264 1402 1323 de
1449 1265 1665 1324 mundo
1713 1261 2075 1324 aedificando
2122 1266 2429 1339 animaque
2469 1282 2593 1323 ere-

343 1367 502 1426 anda
566 1367 780 1440 mythis
841 1367 1341 1444 Pythagoreorum
1409 1368 1768 1442 astrologiae
1833 1369 2114 1443 pressisse
2179 1366 2432 1442 vestigia
2496 1366 2593 1443 (ef.

341 1471 472 1530 Joa.
513 1470 606 1528 ab.
648 1470 855 1528 Arnim
908 1470 1141 1528 Plato's
1193 1468 1668 1544 Juqenddialoye
1717 1470 1880 1527 1914
1931 1488 1988 1545 p.
2019 1468 2162 1545 162)
2214 1486 2404 1543 neque
2455 1467 2594 1526 inde

341 1575 538 1648 potest
603 1571 838 1631 dubium
905 1589 1032 1631 esse
1093 1573 1233 1646 quin
1295 1573 1467 1630 etiam
1527 1589 1711 1631 nexus
1771 1589 1942 1646 quem
2001 1573 2171 1630 Plato
2230 1569 2593 1631 intercedere

342 1676 496 1734 inter
549 1675 754 1732 stellas
810 1678 866 1734 et
919 1675 1142 1734 animas
1196 1675 1417 1747 statuit,
1472 1675 1532 1732 in
1588 1678 1907 1734 extremum
1962 1675 2240 1750 originem
2286 1673 2518 1733 duxerit
2562 1691 2595 1733 e

341 1775 849 1852 Pythagoreorum
894 1778 1196 1836 sententiis
1241 1776 1444 1836 iisdem
1492 1795 1636 1851 quas
1683 1779 1879 1836 Ionem
1926 1776 2175 1835 vidimus
2217 1775 2421 1836 Chium
2468 1793 2595 1835 car-

343 1879 598 1937 minibus
650 1880 996 1951 intexuisse3
1050 1880 1331 1953 imprimis
1385 1884 1575 1938 autem
1630 1881 1691 1937 in
1744 1886 1811 1938 eo
1857 1879 2013 1954 quod
2058 1879 2378 1938 animarum
2423 1882 2595 1953 prout

344 1999 460 2040 eae·
507 1982 762 2040 vixerint
807 1983 868 2039 in
911 1983 1082 2042 terris
1126 1984 1240 2040 tria
1284 2000 1503 2057 genera
1550 1980 1854 2058 distinguit
1895 1985 1959 2040 ut
2000 1981 2157 2041 infra
2201 2001 2233 2041 e
2277 1980 2596 2040 Plutarcho

344 2084 809 2155 enucleabimus‚
871 2083 947 2142 ad
1005 2084 1410 2159 Pythagoreos
1470 2087 1787 2159 revocat.1)
1886 2084 2130 2160 Singula
2189 2088 2477 2158 quatenus
2534 2084 2595 2141 in

344 2185 439 2245 his
485 2186 787 2245 sententiis
833 2188 1004 2244 Plato
1051 2191 1279 2245 secutus
1326 2189 1398 2246 sit
1443 2187 1849 2263 Pythagoreos
1896 2189 2168 2262 quoniam
2214 2186 2390 2244 hodie
2436 2187 2595 2244 testi-

345 2289 543 2347 monia
596 2288 817 2361 desint,
870 2307 986 2348 non
1039 2290 1153 2347 iam
1203 2291 1394 2348 evinci
1437 2295 1695 2365 possunt.
1786 2291 1976 2348 Etiam
2019 2291 2333 2364 populares
2376 2293 2439 2347 ut
2480 2289 2594 2346 iam

345 2408 526 2467 supra
583 2391 840 2450 breviter
897 2393 1104 2450 strinxi
1163 2393 1462 2467 opiniones
1523 2393 1756 2467 attingit
1814 2393 1986 2450 Plato
2045 2391 2246 2450 dicens
2308 2408 2596 2466 quemque

343 2511 509 2553 suam
537 2495 720 2571 ipsius
750 2495 984 2553 stellam
1015 2514 1050 2552 a
1079 2511 1271 2554 rerum
1303 2495 1512 2571 opifice
1542 2493 1762 2556 habere
1796 2498 1871 2570 (v.
1899 2513 2076 2571 supra
2105 2514 2160 2571 p.
2188 2495 2266 2552 26
2300 2493 2496 2553 adnot.
2519 2495 2595 2569 1).

253 2666 268 2672 ,μ
341 2600 415 2656 In
467 2615 583 2656 uno
637 2603 914 2674 quantum
967 2598 1231 2657 videmus
1285 2600 1457 2657 Plato
1512 2617 1582 2658 ae
1634 2598 1991 2675 Pythagorei
2042 2599 2193 2657 inter
2247 2616 2309 2657 se
2363 2596 2595 2657 differre

342 2698 646 2769 videntur;
689 2698 750 2758 hi
795 2701 946 2757 enim
992 2701 1215 2759 animas
1260 2706 1579 2775 posuerunt
1621 2704 1755 2777 post
1800 2704 2040 2759 mortem
2084 2700 2241 2775 ipsas
2284 2700 2345 2756 in
2390 2700 2595 2758 stellas

344 2802 638 2871 converti3
693 2800 848 2877 apud
893 2802 1201 2861 Platonem
1255 2806 1447 2861 autem
1501 2804 1717 2861 stellae
1771 2801 1941 2861 sedes
1994 2806 2126 2861 sunt
2170 2803 2491 2860 animarum
2537 2805 2596 2859 et

345 2906 484 2960 ante
537 2907 766 2978 partum
821 2909 879 2962 et
925 2908 1057 2980 post
1101 2909 1359 2963 mortem.
1447 2905 1562 2964 Sed
1609 2909 1669 2963 et
1714 2904 1785 2963 de
1832 2923 1900 2963 eo
1946 2906 2048 2962 vix
2094 2906 2404 2979 quicquam
2451 2904 2595 2961 certi

344 3003 522 3063 hodie
561 3006 675 3065 diei
714 3011 908 3082 potest
946 3008 1221 3081 quoniam
1260 3026 1404 3082 opus
1443 3024 1728 3082 ponamus
1768 3012 1887 3065 tum
1926 3008 2067 3066 illas
2108 3007 2251 3065 duas
2293 3006 2594 3081 opiniones

345 3108 524 3165 simul
590 3109 862 3182 viguisse.
969 3110 1155 3167 Etiam
1223 3110 1342 3168 alio
1408 3111 1538 3169 loeo
1601 3111 1773 3169 Plato
1842 3109 1916 3168 ad
1984 3109 2228 3168 eandem
2296 3110 2355 3166 ni
2414 3107 2597 3166 fallor

345 3209 680 3283 opinionem
741 3210 976 3283 alludit,
1043 3229 1164 3285 rep.
1209 3212 1262 3269 X
1296 3212 1412 3270 621
1442 3213 1518 3270 B:
1580 3213 1810 3270 animae
1866 3205 2204 3287 priusquam
2262 3212 2323 3268 in
2380 3227 2595 3268 novum

344 3316 577 3387 partum
635 3313 875 3385 intrant,
933 3316 992 3371 in
1046 3312 1378 3373 Oblivionis
1437 3316 1684 3391 planitie
1738 3307 1992 3397 (Λήθης
2042 3311 2278 3395 πεδίῳ)
2332 3315 2594 3388 aequies-

346 3417 511 3486 eunt3
557 3418 675 3474 tum
719 3420 1027 3491 postquam
1073 3420 1424 3492 potaverunt
1468 3417 1662 3476 media
1704 3421 1875 3476 noete
1924 3418 2079 3477 caeli
2120 3416 2353 3492 fragore
2392 3421 2593 3476 exorto

344 3631 552 3688 Similia
609 3648 694 3701 ap.
747 3632 891 3688 Plut.
952 3634 1023 3689 de
1079 3649 1202 3688 sera
1256 3649 1401 3689 num.
1455 3634 1700 3689 vindicta
1758 3651 1804 3688 e.
1838 3639 1902 3687 22
1961 3651 2014 3703 p.
2047 3638 2147 3688 563
2183 3634 2226 3689 F
2239 3657 2253 3700 3
2313 3633 2597 3689 Dieterieh

343 3717 599 3787 Nekyia²
641 3735 694 3786 p.
721 3722 842 3784 1453
889 3718 982 3772 Ad
1023 3718 1233 3774 Timaei
1278 3719 1460 3774 locum
1504 3719 1699 3775 alludit
1743 3720 1991 3774 Danteus
2036 3719 2251 3788 (Parad.
2287 3720 2369 3775 IV
2395 3722 2459 3773 52
2506 3720 2593 3775 ed.

343 3802 642 3872 Brunetti):
1042 3824 1047 3828 ·
1928 3856 1933 3861 .

860 3890 1006 3944 Dice
1039 3890 1132 3945 che
1168 3890 1199 3945 l'
1219 3890 1365 3945 alma
1399 3891 1513 3945 alla
1547 3906 1649 3945 sua
1682 3890 1841 3945 stella
1876 3890 2023 3944 riede

862 3975 1136 4031 Credendo
1173 3978 1352 4045 quella
1387 3976 1586 4045 quincii
1621 3992 1761 4031 esser
1796 3976 1974 4031 decisa

863 4062 1080 4130 quando
1116 4065 1320 4117 παίωνα
1347 4079 1452 4130 per
1484 4062 1667 4132 forma
1704 4062 1758 4116 la
1794 4062 1959 4116 diede.

344 4144 564 4218 Danteo
600 4163 796 4219 stellae
833 4164 1087 4219 videntur
1119 4165 1262 4219 oculi
1292 4165 1576 4220 beatorum
1609 4163 1678 4219 ef.
1706 4164 1896 4219 Parad.
1923 4164 1980 4218 Il
2002 4169 2096 4220 142
2110 4180 2183 4220 ss.
2217 4165 2304 4219 ed.
2330 4164 2596 4229 Brunetti.

524 4265 566 4333 ¹)
608 4266 974 4335 Pythagoram
1017 4268 1196 4336 ipsum
1241 4282 1304 4321 ae
1341 4267 1623 4322 Platonem
1667 4267 1723 4321 in
1767 4267 1957 4323 stellas
2002 4272 2240 4323 mutatos
2277 4283 2397 4323 esse
2432 4267 2597 4323 tradit

342 4350 642 4406 Martianus
679 4351 812 4421 Cap.
837 4351 892 4405 ΙΙ
917 4356 1028 4406 125.
