3251 5125
557 351 727 411 ‘40

1411 519 1591 585 δῆμον
1628 510 1871 585 ὀνείρων
1910 512 1977 569 τὰ
2015 514 2125 583 μὲν
2180 517 2305 582 ξίαν
2345 512 2449 571 τὸν
2487 508 2638 571 οὕτω
2676 533 2893 585 προσα-

644 619 676 657 a
751 604 964 672 superis
1039 603 1356 658 recessisse.
1411 596 1795 671 δύο-τροπικά
1824 596 1997 674 ζῴδια
2023 597 2123 656 πύ-
2178 598 2574 672 γορευόμενον
2615 592 2731 654 ἀπὸ
2776 606 2893 654 τῶν

644 688 772 743 ideo
818 688 1045 756 primam
1092 689 1358 744 nascenti·
1384 744 1388 765 ,
1413 679 1701 757 λαςῆλίου
1726 683 2124 755 προσαγορεύ-
2181 684 2422 756 γάλακτι
2507 682 2890 758 τρεφομένων,

646 775 748 828 bus
818 775 998 828 offerri
1065 775 1140 828 ait
1204 774 1360 828 lactis
1384 770 1389 853 ᾗ
1415 791 1614 833 σασαν,
1664 775 1846 841 δῆμον
1884 769 1943 827 δὲ
1982 765 2126 826 ὀνεί-
2180 765 2322 826 ὅταν
2352 770 2429 837 εἰς
2457 768 2686 842 γένεσιν
2712 769 2892 825 πέσω-

645 859 970 927 alimoniam,
1001 861 1130 928 quia
1155 861 1361 928 primus
1415 876 1548 927 ρων,
1581 850 1658 921 ὥς
1688 876 1860 927 φησιν
1890 853 2127 921 ἐκεῖνος,
2184 875 2273 912 σιν
2318 858 2384 912 cf.
2423 861 2489 912 A.
2514 859 2622 912 Mai
2668 858 2739 912 ad
2784 858 2893 912 Cic.

647 944 736 997 eis·
773 948 955 998 motus
997 959 1029 998 a
1069 945 1247 998 lacteo
1284 945 1361 997 in-
1386 979 1389 1005 ,
1414 936 1517 997 τόν
1554 941 1847 1012 γαλαξίαν.
1883 944 1976 996 καὶ
2014 937 2127 1012 γὰρ
2182 945 2252 999 de
2312 961 2426 1013 rep.
2464 945 2543 1000 VI
2579 949 2641 1003 16
2701 943 2894 1010 (Class.

647 1029 783 1098 cipit
811 1029 865 1083 in
895 1045 1123 1098 corpora
1149 1035 1362 1084 terrena
1415 1023 1517 1081 τὸν
1605 1024 1962 1096 Πυθαγόραι·
2051 1028 2126 1080 δι’
2182 1035 2320 1085 auct.
2342 1030 2561 1084 eVatic.
2582 1028 2742 1084 codd.
2765 1027 2896 1082 edit.

647 1114 973 1170 labentibus.
1002 1116 1144 1170 unde
1171 1120 1228 1169 et
1251 1115 1362 1170 Sci·
1417 1107 1759 1183 ἀπορρήτων
1796 1104 1980 1182 Ἅιδην
2026 1110 2129 1166 τὸν
2181 1121 2311 1169 tom.
2334 1116 2359 1168 I
2386 1133 2440 1184 p.
2462 1117 2585 1183 354)
2611 1113 2899 1168 R.Heinze

647 1201 798 1269 pioni
858 1200 928 1256 de
987 1199 1189 1255 animis
1234 1201 1361 1255 bea·
1416 1197 1694 1267 γαλαξίαν
1771 1201 1868 1252 καὶ
1946 1195 2129 1252 τόπον
2182 1201 2410 1256 Xenocr.
2448 1217 2503 1269 p.
2529 1200 2697 1268 146.1)

648 1291 826 1341 torum
897 1293 1119 1341 ostenso
1183 1284 1361 1340 lacteo
1388 1334 1391 1344 .
1421 1290 1618 1353 ψυχῶν
1668 1278 2003 1349 ἀποκαλεῖν,
2055 1279 2131 1350 ὡς

650 1372 856 1426 dictum
917 1377 1002 1426 est
1061 1372 1184 1442 hinc
1237 1388 1362 1440 pro·
1387 1378 1392 1448 ᾗ
1420 1365 1542 1423 ἐκεῖ
1646 1367 2127 1437 συνωθουμένων·

650 1457 783 1512 fecti
841 1457 948 1512 huc
1004 1462 1362 1512 revertuntur.
1388 1449 1504 1528 16ιό
1537 1448 1696 1524 παρά
1727 1473 1869 1510 τισιν
1898 1450 2131 1510 ἔθνεσιν

651 1541 720 1596 cf.
751 1543 810 1597 P.
830 1543 1066 1598 Corssen
1097 1543 1188 1596 De
1205 1543 1362 1597 Posi·
1389 1559 1391 1577 ¹
1417 1536 1567 1609 γάλα
1611 1534 1967 1594 σπένδεσθαι
2012 1547 2132 1604 τοῖς

651 1628 770 1682 don.
810 1628 1026 1682 Rhodio
1087 1646 1139 1696 p.
1168 1633 1231 1682 46
1293 1590 1392 1681 011¹
1417 1629 1580 1689 θεοῖς
1625 1632 1745 1690 τοῖς
1780 1630 1896 1678 τῶν
1933 1633 2133 1695 ψυχῶν

651 1713 1184 1780 Bouche-Leelercq
1233 1713 1363 1767 l’as-
1389 1690 1392 1807 '
1417 1706 1736 1780 καθάρταις
1782 1709 1881 1764 καὶ
1926 1730 2131 1766 πεσου-

589 555 594 558 -
643 517 770 572 inde
783 518 972 587 lapsae
986 516 1243 572 videntur
1253 518 1357 572 iam

554 1857 563 1866 ,
652 1798 882 1868 troloyie
931 1799 1174 1867 Grecque
1218 1815 1271 1868 p.
1299 1803 1362 1852 22
1389 1816 1393 1880 g
1419 1803 1538 1851 σῶν
1587 1793 1668 1860 εἰς
1713 1792 1945 1866 γένεσιν
1988 1789 2133 1851 εἶναι

651 1884 838 1939 adnot.
863 1889 910 1938 2.
1390 1879 1569 1952 ιγάλα
1683 1877 1790 1952 τὴν
1900 1879 2134 1951 πρώτην

1390 1955 1640 2069 ἰτροφήν
1720 1969 1787 2039 cf.
1856 1968 2134 2022 Rohdium

1391 2053 1752 2127 1Mw.Rhen.
1768 2053 1979 2107 XXXII
2004 2059 2131 2108 1877

1391 2130 1468 2207 ¹1).
1497 2145 1590 2192 331
1646 2138 1881 2194 adnot.1
1929 2165 1997 2184 =
2037 2139 2133 2192 Kl.

1419 2223 1567 2277 Schr.
1597 2224 1652 2276 II
1681 2241 1732 2292 p.
1754 2228 1849 2278 175
1882 2226 2065 2280 adnot.
2089 2231 2135 2290 2,

1391 2296 1628 2386 {Psyche
1654 2308 1738 2361 ΙΙ2
1773 2326 1826 2378 p.
1842 2314 1906 2364 94
1938 2310 2133 2377 adn.1;

1392 2394 1545 2448 1Boll
1579 2395 1699 2448 Aua
1735 2395 1830 2448 der
1860 2394 2134 2464 Offenbar.

1392 2469 1544 2546 !Joh.
1583 2498 1636 2549 p.
1660 2485 1739 2548 72,
1768 2485 1847 2534 32.

825 2641 989 2712 Quae
1043 2642 1237 2700 omnia
1289 2659 1362 2700 ex
1414 2659 1529 2700 uno
1580 2640 1744 2699 fonte
1791 2658 2091 2699 emanasse
2136 2642 2221 2698 nil
2266 2640 2583 2699 moraberis
2627 2638 2907 2715 profiteri.

655 2744 836 2801 Recte
896 2744 1010 2800 iam
1064 2741 1358 2802 Bitschius
1419 2743 1536 2819 (De
1587 2742 1747 2801 Plat.
1796 2747 2018 2815 quaest.
2067 2744 2420 2815 quibusdam
2469 2742 2704 2817 Verqil„
2766 2741 2902 2801 diss.

654 2846 852 2903 Berol.
904 2845 1058 2903 1911
1117 2864 1172 2920 p.
1209 2846 1268 2920 6)
1329 2844 1751 2904 demonstravit
1806 2846 2089 2903 Macrobii
2146 2844 2367 2903 fontem
2429 2862 2558 2903 esse
2615 2844 2907 2902 Platonici

657 2947 953 3006 cuiusdam
1028 2945 1104 3005 ad
1168 2948 1434 3005 Platonis
1501 2948 1804 3005 Timaeum
1872 2947 2373 3019 commentarium,
2446 2946 2696 3021 ideoque
2763 2946 2905 3006 licet

655 3048 1078 3109 concludamus
1124 3051 1296 3108 etiam
1339 3050 1691 3109 Numenium
1737 3054 1795 3108 et
1832 3049 2223 3129 Porphyrium
2269 3048 2533 3109 hausisse
2579 3068 2653 3108 ex
2698 3048 2902 3108 eodem

655 3151 833 3212 fonte.
919 3152 1044 3209 Iam
1099 3168 1444 3227 quaeramus
1498 3170 1637 3210 num
1690 3151 1816 3211 fieri
1867 3154 2053 3227 possit
2105 3158 2168 3211 ut
2222 3170 2295 3210 ex
2344 3153 2516 3211 certis
2560 3151 2903 3212 testimoniis

657 3255 993 3313 evincamus
1051 3254 1206 3313 hanc
1265 3254 1611 3313 sententiam
1671 3272 1735 3313 re
1793 3272 1937 3313 vera
1988 3254 2281 3313 veteribus
2336 3254 2724 3329 Pythagoreis
2778 3270 2905 3313 esse

657 3357 1101 3417 attribuendam.
1191 3358 1444 3415 Primum
1496 3374 1604 3416 vos
1659 3357 1871 3431 delego
1925 3357 2001 3415 ad
2055 3375 2125 3415 ea
2176 3374 2327 3432 quae
2383 3358 2553 3416 Plato
2601 3357 2776 3416 Erem
2831 3356 2903 3415 de

657 3462 980 3519 animarum
1030 3460 1128 3517 via
1179 3461 1520 3533 loquentem
1573 3458 1713 3519 fecit
1767 3459 1865 3534 (de
1910 3461 2137 3535 republ.
2178 3460 2232 3517 X
2274 3460 2395 3517 616
2420 3459 2521 3535 B):
2575 3460 2803 3518 animae
2845 3459 2905 3517 in

657 3711 1030 3767 illustrandam
1075 3711 1399 3766 sententiam
1443 3725 1595 3765 suam
1630 3712 1812 3780 affert,
1859 3713 2136 3778 λειμῶνες
2162 3703 2355 3765 (Ἅιδου
2391 3709 2647 3766 collocati
2682 3717 2810 3765 sunt
2846 3705 2907 3763 ἐν

657 3795 968 3869 πραοτάτῳ
1013 3801 1118 3850 τοῦ
1165 3790 1354 3865 ἀέρος.
1425 3796 1621 3852 Dictae
1666 3801 1793 3851 sunt
1832 3797 2085 3866 regiones
2121 3796 2227 3851 sub
2263 3796 2446 3850 lunam
2482 3796 2620 3852 sitae
2661 3795 2732 3851 cf.
2767 3796 2905 3864 p.‘12

658 3882 844 3936 adnot.
869 3888 918 3935 4.

835 3985 876 4051 ¹)
911 3984 1035 4039 Joa.
1057 3984 1126 4037 M.
1143 3982 1418 4039 Gesnerus
1447 3984 1534 4038 De
1552 3983 1888 4039 Phoenicum
1907 3984 2153 4053 naviqat.
2175 3987 2333 4037 extra
2350 3983 2631 4039 columnas
2649 3982 2908 4038 Herculis

665 4069 739 4139 [in
786 4069 1080 4123 Hermanni
1120 4069 1475 4139 Orphicorum
1522 4071 1651 4125 edit.
1694 4088 1749 4140 p.
1776 4070 1925 4141 643];
1973 4069 2203 4125 Lobeck
2245 4069 2367 4139 Agl.
2407 4069 2461 4123 ΙΙ
2505 4086 2559 4139 p.
2586 4074 2710 4138 935,
2756 4068 2919 4124 Diels·

661 4155 812 4209 Mus.
838 4153 1014 4209 Rhen.
1042 4154 1282 4211 XXXIV
1318 4160 1448 4211 1879
1484 4172 1539 4226 p.
1560 4160 1677 4224 489,
1714 4156 1767 4211 S.
1792 4156 1999 4211 Eitrem
2028 4156 2259 4209 Hermes
2290 4154 2405 4209 und
2437 4154 2526 4208 die
2555 4155 2725 4209 Toten
2750 4154 2909 4223 (For-

662 4240 992 4311 handlinqer
1025 4240 1066 4294 I
1097 4240 1759 4310 Videnskabs-Selskabet‚
1807 4240 2158 4296 Christiania
2193 4240 2313 4293 Aar
2352 4244 2481 4295 1909
2528 4255 2614 4295 no,
2642 4246 2670 4295 5
2715 4257 2769 4309 p.
2796 4241 2908 4309 63);

663 4326 1008 4384 Studemund
1041 4326 1300 4382 Anco-dot.
1330 4344 1445 4382 var.
1477 4325 1533 4380 11
1567 4343 1620 4396 p.
1649 4332 1732 4397 64,
1766 4326 1915 4383 Voss
1948 4325 2038 4381 1.1.
2074 4342 2129 4396 p.
2157 4330 2221 4381 58
2258 4325 2445 4381 adnot.
2469 4330 2514 4381 1.
