3251 5125
2558 395 2594 454 5

345 564 550 639 fragm.
585 564 640 638 5,
699 565 866 624 Diels
923 565 1082 625 Vors.
1127 565 1222 625 II3
1278 584 1333 642 p.
1369 567 1486 623 189
1549 567 1656 642 Ep.
1701 567 1748 624 B
1776 567 1842 638 23
1908 565 1980 626 cf.
2035 567 2209 626 etiam
2262 569 2593 644 nuperrime

347 667 416 728 Ο.
446 668 611 727 Korn
654 668 906 728 Hermes
948 668 1028 726 LI
1077 668 1238 726 1916
1284 687 1342 744 p.
1377 668 1498 726 556
1546 686 1594 728 c.
1636 666 1833 727 adnot.
1863 670 1921 727 1:

604 799 716 863 καὶ
760 796 886 884 γὰρ
933 793 1066 884 ἐγώ
1109 799 1304 884 γένος
1348 797 1476 884 εἰμὶ
1523 797 1827 884 Σελήνης
1872 792 2217 887 ἠυκόμοιο,
2286 787 2291 790 ’

602 891 642 987 ἣ
687 899 914 966 δεινὸν
958 901 1240 984 φρίξασ’“
1277 892 1672 966 ἀπεσείσατο
1719 904 1901 987 θῆρα
1948 902 2223 967 λέοντα·

603 1003 677 1068 ἐν
719 1003 965 1087 Νεμέαι
1011 995 1290 1087 ἄγχουσ’
1335 1000 1544 1067 αὐτὸν
1590 999 1701 1068 διὰ
1740 1001 2033 1069 πότνιαν
2061 997 2267 1088 ‘'Hpav
2286 1011 2331 1084 1)
2365 1015 2369 1022 '

599 1103 774 1190 (θείη
817 1103 877 1182 ἲς
923 1100 1244 1189 ἐδάμασσε
1289 1106 1434 1191 βίης
1471 1103 1927 1192 Ἡρακληείης).

515 1247 702 1305 Nemo
756 1251 844 1305 est
894 1247 996 1320 qui
1041 1263 1114 1304 ex
1160 1244 1331 1305 dictis
1373 1249 1552 1322 neget
1594 1247 1797 1304 lunam
1841 1247 1957 1305 iam
2001 1248 2062 1304 in
2107 1248 2271 1322 vulgi
2318 1247 2592 1324 opinione

343 1349 406 1407 in
459 1364 700 1408 numero
751 1339 998 1408 relatam
1053 1365 1180 1408 esse
1232 1352 1516 1408 terrarum
1571 1349 1806 1408 illarum
1860 1351 2269 1409 miraculorum
2312 1350 2590 1410 feracium

345 1452 554 1525 quibus
619 1452 854 1511 omnino
921 1451 1254 1511 redundant
1312 1451 1667 1512 Graecorum
1731 1451 2050 1526 fabulae.²)
2159 1453 2340 1512 Tales
2398 1458 2591 1512 autem

343 1553 652 1613 fabulosae
704 1552 980 1628 regiones
1029 1553 1264 1613 fuerunt
1316 1554 1597 1630 imprimis
1643 1556 1944 1614 beatorum
1986 1559 2158 1630 prata
2203 1558 2260 1614 et
2302 1557 2401 1614 vix
2446 1573 2593 1632 opus

343 1657 455 1715 erit
499 1673 734 1714 monere
780 1656 1290 1732 Hyperboreorum
1338 1661 1395 1715 et
1440 1656 1828 1732 Hesperidum
1874 1655 2043 1716 horti.
2129 1657 2292 1728 Quae
2337 1675 2466 1716 cum
2510 1659 2593 1716 ita

343 1758 461 1817 sint
503 1759 602 1816 vix
646 1760 953 1833 quicquam
1001 1759 1193 1818 obstat
1237 1759 1376 1834 quin
1423 1761 1723 1831 etlunam
1761 1761 1822 1817 in
1861 1761 2095 1835 vulgari
2133 1761 2407 1835 opinione
2446 1761 2589 1819 olim

341 1859 521 1919 fuisse
585 1863 816 1920 beatam
882 1863 1156 1921 tellurem
1221 1879 1506 1938 ponamus
1565 1863 1625 1920 in
1686 1879 1860 1936 quam
1919 1863 2128 1936 quibus
2186 1863 2590 1922 immortalitas

344 1980 625 2034 concessa
669 1965 744 2022 sit
787 1964 1029 2022 deorum
1072 1963 1178 2023 filii
1223 1970 1280 2023 et
1325 1964 1528 2024 dilecti
1571 1969 2001 2024 removeantur.
2015 1967 2062 2040 3)
2288 2045 2293 2050 ⁸

513 2068 635 2124 Iam
689 2067 952 2141 quaestio
1005 2068 1179 2126 vertit
1233 2084 1294 2126 se
1345 2067 1421 2125 ad
1466 2066 1877 2143 philosophoS,
1932 2067 2091 2143 apud
2134 2084 2279 2142 quos
2323 2067 2471 2126 haec
2517 2068 2590 2127 de

227 2177 236 2182 “
341 2171 485 2228 luna
549 2170 871 2248 animarum
929 2169 1070 2228 sede
1129 2171 1326 2245 opinio
1386 2169 1615 2229 videtur
1674 2171 1859 2244 magis
1918 2171 2154 2229 exculta
2213 2175 2271 2229 et
2329 2171 2591 2245 expolita

341 2289 486 2332 esse.
574 2271 918 2347 Philosophi
971 2274 1124 2330 enim
1177 2272 1363 2332 Ionici
1415 2274 1514 2348 qui
1566 2277 1850 2332 vocantur
1908 2290 2083 2331 unum
2138 2289 2266 2332 esse
2318 2273 2592 2332 dixerunt

341 2375 714 2451 principium,
770 2393 842 2434 ex
898 2391 1012 2450 quo
1068 2377 1261 2433 omnia
1315 2379 1674 2447 constarent,
1728 2376 1884 2450 quod
1938 2393 2043 2451 per
2089 2380 2354 2435 naturam
2398 2393 2589 2435 rerum

340 2481 677 2552 penetraret
736 2483 794 2536 et
854 2482 1217 2536 commearet.
1314 2477 1459 2536 Inde
1519 2479 1695 2536 etiam
1749 2479 1995 2536 animam
2050 2477 2362 2551 humanam
2415 2496 2589 2554 quam

340 2581 530 2655 pluris
595 2582 688 2638 illi
755 2582 1210 2640 aestimaverunt
1271 2582 1479 2640 ceteris
1540 2581 1712 2640 rebus
1772 2599 1845 2640 ex
1904 2582 2109 2641 eadem
2169 2582 2415 2640 materia
2473 2599 2590 2656 qua

342 2684 571 2742 caelum
611 2684 850 2758 eiusque
890 2683 1088 2742 sidera
1125 2688 1444 2759 posuerunt
1484 2701 1612 2743 esse
1654 2685 2049 2760 compositam.
2120 2684 2214 2742 Sic
2254 2686 2588 2753 Heraclitus

339 2789 404 2842 ut
462 2787 794 2862 exemplum
855 2787 1091 2844 afferam
1150 2787 1382 2861 igneam
1443 2803 1570 2845 esse
1630 2786 1885 2845 siderum
1946 2791 2214 2845 naturam
2275 2786 2590 2846 affirmavit

342 2904 514 2962 quam
569 2889 897 2964 opinionem
954 2891 1135 2963 longe
1181 2892 1317 2947 ante
1363 2906 1493 2948 eum
1537 2890 1717 2964 vulgo
1764 2906 2025 2964 sparsam
2070 2906 2199 2949 esse
2242 2892 2472 2949 constat
2515 2888 2589 2949 cf.

513 3076 557 3139 1)
604 3070 686 3126 Cf.
736 3072 876 3126 Plut.
933 3072 1004 3125 de
1057 3070 1160 3126 fac.
1208 3071 1261 3125 in
1311 3072 1425 3127 orb.
1473 3072 1635 3127 lunae
1681 3076 1745 3125 24
1793 3089 1847 3139 p.
1881 3076 1977 3125 937
1999 3072 2067 3139 F,
2122 3072 2292 3126 schol.
2329 3072 2587 3141 Apollon.

339 3156 520 3211 Rhod.
560 3157 587 3210 I
611 3161 736 3223 4983
785 3157 940 3211 Diels
975 3158 1123 3212 Vera.
1157 3156 1215 3209 1³
1249 3173 1306 3225 p.
1332 3160 1428 3211 392
1467 3156 1640 3210 Anax.
1671 3156 1723 3209 A
1743 3162 1832 3225 773
1869 3155 2067 3211 Achill.
2093 3156 2235 3225 Isag.
2264 3162 2323 3211 21
2357 3158 2432 3226 (p.
2453 3163 2586 3227 49‚4

339 3243 566 3311 Maass);
603 3243 786 3297 Hirzel
821 3241 1033 3311 Dialoy
1064 3242 1090 3294 Ι
1127 3258 1178 3310 p.
1202 3246 1299 3296 328
1337 3242 1520 3301 adnot.
1546 3248 1598 3309 1;
1637 3241 1886 3296 Roscher
1920 3242 2106 3295 Selene
2140 3260 2194 3311 p.
2218 3248 2269 3311 73
2310 3242 2533 3312 Gruppe
2560 3244 2587 3297 I

339 3345 392 3396 p.
418 3332 512 3383 188
549 3328 734 3384 adnot.
761 3333 838 3395 12,
868 3334 946 3382 14.

512 3416 556 3481 2)
593 3414 745 3468 Haec
781 3414 852 3467 de
887 3413 1046 3467 lunae
1081 3418 1271 3467 natura
1308 3417 1363 3467 et
1391 3412 1711 3468 animalibus
1743 3412 1996 3468 fabulose
2026 3419 2269 3468 enarrata
2297 3429 2330 3468 a
2358 3416 2589 3483 posteri-

341 3499 529 3554 oribus
565 3500 738 3569 magis
774 3499 1061 3568 magisque
1096 3498 1150 3552 in
1184 3498 1505 3553 immensum
1541 3490 1701 3553 aucta
1735 3503 1876 3568 sunt,
1912 3498 1980 3553 ab
2017 3499 2259 3555 Antonio
2296 3500 2421 3554 dico
2455 3500 2589 3555 Dio·

339 3600 483 3655 gene
527 3585 622 3654 qui
656 3584 870 3639 Diniam
914 3584 1050 3638 fecit
1093 3584 1430 3639 incredibilia
1472 3600 1532 3639 re
1575 3600 1707 3639 vera
1748 3590 2053 3639 narrantem
2089 3584 2160 3639 de
2194 3583 2324 3639 luna
2360 3584 2431 3639 cf.
2458 3583 2587 3641 Ant.

339 3670 504 3739 Diog.
541 3685 626 3739 ap.
663 3670 822 3724 Phot.
861 3668 982 3723 cod.
1010 3674 1103 3723 116
1137 3686 1190 3738 p.
1215 3674 1306 3723 111
1332 3669 1401 3737 A,
1444 3669 1655 3724 Erotici
1688 3669 1871 3739 script.
1900 3669 1989 3724 Gr.
2026 3686 2081 3739 p.
2108 3676 2205 3723 510
2244 3675 2313 3724 et.
2350 3670 2405 3723 in
2440 3671 2586 3727 univ.

338 3756 616 3810 Rohdium
671 3756 768 3811 Gr.
805 3755 1056 3811 Romana
1109 3772 1164 3825 p.
1194 3760 1292 3809 288
1347 3754 1530 3809 adnot.
1560 3759 1590 3808 2
1646 3756 1905 3825 quocirca
1950 3756 2222 3810 Lucianus
2272 3772 2406 3812 vero
2452 3756 2587 3811 satis

337 3840 530 3896 habuit
581 3842 734 3910 quod
786 3856 973 3896 omnes
1026 3840 1148 3896 illas
1201 3841 1630 3896 narratiunculas
1679 3842 1842 3896 miras
1888 3841 2002 3896 sale
2048 3842 2376 3912 sagittisque
2422 3842 2586 3897 amari

339 3926 622 3982 cuiusdam
665 3927 869 3997 leporis
912 3927 1175 3983 obrueret
1214 3931 1381 3996 atque
1415 3926 1668 3981 irrideret
1702 3926 1852 3995 (Ver.
1886 3928 2093 3982 Narrat.
2131 3926 2158 3979 I
2188 3932 2248 3981 17
2270 3943 2313 3981 s.
2356 3926 2423 3981 cf.
2460 3927 2583 3982 Boll

338 4010 608 4082 Philoloq.
645 4012 740 4068 NF
775 4012 880 4067 xx
919 4016 1048 4067 1907
1085 4029 1140 4082 p.
1163 4012 1320 4079 vsa).

511 4114 556 4183 8)
593 4113 672 4170 Cf.
711 4114 768 4168 id
804 4114 958 4184 quod
992 4113 1064 4169 de
1099 4113 1350 4169 Menelao
1386 4112 1527 4168 dixit
1561 4114 1834 4170 Homerus
1872 4117 1904 4168 ὃ
1926 4118 2051 4169 563:

713 4206 860 4272 ἄλλά
899 4217 956 4269 σ’
989 4213 1046 4281 ἐς
1081 4206 1346 4271 Ἠλύσιον
1380 4217 1581 4271 πεδίον
1615 4218 1712 4271 καὶ
1746 4216 1995 4288 πείρατα
2031 4214 2195 4287 γαίης

467 4403 518 4442 v.
545 4392 643 4443 569
716 4379 889 4443 οῧνεκ
927 4380 1077 4457 ἔχεις
1111 4380 1333 4458 Ἑλένην
1369 4388 1470 4443 καί
1507 4404 1644 4459 σφιν
1678 4385 1943 4461 γαμβρὸς
1977 4383 2112 4454 Διός
2145 4385 2288 4444 ἐσσι.
