3251 5125
2566 349 2646 408 39
2728 372 2737 380 ·

571 520 667 580 Sic
719 518 974 579 Achillis
1033 520 1226 579 anima
1283 538 1390 596 per
1441 521 1697 580 lacteum
1752 521 1949 579 orbem
2006 522 2215 596 migrat
2266 521 2327 578 in
2382 521 2647 594 Elysium

397 622 524 682 sive
569 622 870 682 beatorum
914 623 1140 682 insulas
1188 621 1260 681 cf.
1298 621 1492 694 Quint.
1531 621 1760 696 Smyrn.
1798 623 1937 681 XIV
1969 623 2093 682 223
2116 640 2222 682 ss.:

487 753 575 840 ὥς
613 760 824 828 εἰπών
855 766 1139 840 (Achillis
1177 769 1394 842 anima)
1433 756 1776 848 απόρουσε
1815 766 1951 846 θοῇ
1974 761 2365 849 ἐναλίγκιος
2403 759 2602 849 αὔρῃ·
2657 827 2663 834 ,

486 860 653 949 αἶψα
698 866 760 930 δ’
801 865 868 942 ἐς
909 861 1217 932 Ἠλύσιον
1258 867 1496 931 πεδίον
1540 867 1703 946 κίεν,
1748 865 1852 953 ἦχι
1897 867 2212 932 τέτυκται

486 958 785 1052 οὐρανοῦ
829 967 901 1050 ἐξ
943 963 1234 1034 ὑπάτοιο
1281 969 1676 1053 καταιβασίη
1719 973 1781 1034 τ’
1824 962 2068 1045 ἄνοδός
2111 992 2183 1032 τε

487 1066 859 1148 ἀθανάτοις
901 1067 1325 1156 μακάρεσσιν.
1954 1079 1962 1094 ’

569 1219 790 1291 Quibus
845 1221 1010 1296 vulgi
1063 1220 1432 1296 opinionibus
1483 1221 1599 1279 iam
1653 1219 2036 1279 fundamenta
2087 1221 2243 1279 iacta
2296 1225 2464 1279 erant
2516 1237 2645 1279 sen-

394 1323 615 1383 tentiae
669 1324 903 1399 qualem
958 1321 1032 1381 de
1075 1324 1271 1382 lacteo
1315 1323 1458 1382 orbe
1505 1324 1827 1382 animarum
1873 1323 1969 1381 via
2013 1326 2218 1398 postea
2263 1324 2648 1382 excoluerunt

393 1425 752 1504 philosophi.

568 1546 727 1604 Inter
780 1563 924 1620 quos
969 1544 1327 1620 Pythagorei
1381 1547 1552 1621 primi
1609 1550 1889 1622 quantum
1932 1546 2199 1606 videmus
2244 1546 2567 1606 docuerunt
2611 1565 2646 1604 a

394 1650 592 1706 lacteo
653 1649 793 1708 orbe
851 1649 1074 1708 animas
1131 1647 1214 1707 ibi
1274 1648 1657 1724 conglobatas
1717 1647 1914 1708 delabi
1973 1649 2032 1706 in
2092 1652 2328 1708 terrena
2382 1665 2645 1724 corpora.

394 1751 571 1810 Cuius
619 1750 920 1810 doctrinae
966 1752 1078 1809 tria
1122 1754 1357 1810 exstant
1401 1751 1736 1810 testimonia
1760 1769 1931 1846 ‘quae
1976 1769 2105 1811 cum
2151 1752 2487 1832 conspirent
2530 1749 2644 1833 huc

393 1871 707 1929 congeram
721 1874 733 1912 :

485 1983 723 2040 Macrob.
761 1985 816 2038 in
851 2001 1022 2040 somn.
1135 1989 1138 1996 '
1247 1985 1548 2040 Numenius
1564 1986 1604 2054 ¹)
1642 1985 1791 2055 apud
1902 1987 1905 2040 ζ
1978 1985 2316 2056 Porphyrius
2354 1984 2424 2040 de
2460 1989 2595 2040 antr.

564 2069 706 2138 Scip.
737 2069 764 2124 1
794 2073 872 2138 12,
893 2075 940 2126 3.
1179 2069 1472 2124 Proclum'
1457 2087 1510 2124 ιιι
1532 2070 1668 2125 Plat.
1688 2086 1857 2139 remp.
1951 2070 2171 2140 nymph.
2210 2087 2255 2125 c.
2284 2075 2347 2125 28
2384 2087 2437 2139 p.
2460 2075 2523 2123 75
2552 2071 2618 2125 N.

463 2171 605 2226 Hinc
659 2178 715 2226 et
766 2172 1108 2242 Pythagoras
1281 2154 1544 2224 11P·¹29
1580 2155 1754 2210 Kl'Oll·
1900 2191 1903 2200 ¹
1998 2176 2173 2243 δῆμος
2224 2170 2285 2228 δὲ
2342 2167 2642 2241 o'vst'pwv2)

392 2261 549 2326 putat
594 2272 626 2311 a
671 2257 850 2312 lacteo
904 2257 1107 2313 circulo
1231 2251 1299 2312 ου’
1335 2264 1515 2312 ταῦτα
1553 2257 1597 2310 δ’
1637 2250 1738 2312 οὗν
1772 2251 1879 2324 μό
1900 2253 2075 2318 εκατὰ
2157 2253 2505 2327 Πυθαγόραν
2584 2253 2640 2311 αἱ

393 2343 651 2397 deorsum
687 2343 928 2412 incipere
963 2343 1107 2397 Ditis
1131 2411 1134 2423 ‚
1160 2361 1274 2406 νον,
1346 2333 1488 2396 ἀλλὰ
1535 2341 1652 2402 ,καὶ
1710 2335 1873 2412 ηλὶου
1930 2344 2129 2412 ψυχαί,
2174 2335 2240 2406 ἃς
2282 2337 2641 2410 συνάγεσθαι

390 2428 700 2498 imperium,
739 2429 866 2498 quia
897 2429 1106 2484 animae
1131 2429 1135 2498 Ι
1159 2423 1340 2491 πύλας
1411 2420 1707 2496 ὑμνοῦσαι)
1776 2430 1873 2482 καὶ
1899 2441 1902 2465 ³
1928 2425 2102 2498 φησὶν
2168 2423 2248 2490 εἰς
2310 2421 2414 2481 τόν
2473 2429 2641 2496 γαλα-

391 2668 596 2737 orbem,
635 2669 915 2723 monuisse
949 2668 1098 2737 „Die
1127 2656 1316 2723 Seelen
1348 2669 1548 2723 konnte
1582 2669 1693 2740 auf
1720 2670 1814 2723 der
1837 2668 2213 2735 Milchstrafsc
2248 2685 2357 2723 nur
2392 2668 2642 2722 wandeln

392 2754 584 2820 lusson,
619 2770 728 2807 wer
759 2752 926 2807 ihnen
951 2753 1054 2807 den
1077 2754 1200 2808 Sitz
1222 2755 1301 2808 im
1324 2754 1568 2808 Himmcl
1590 2754 1837 2822 anwiese,
1871 2755 1973 2808 wie
1994 2756 2182 2821 spater
2205 2754 2289 2822 oft
2311 2751 2639 2824 geschiehffl3

388 2839 656 2895 Pindarus
709 2840 847 2894 enim
901 2840 1022 2907 ipse
1075 2838 1209 2893 dicit
1263 2838 1478 2908 (fragm.
1509 2842 1598 2908 30)
1652 2839 1887 2894 lacteum
1936 2839 2124 2894 orbem
2174 2839 2376 2893 ducere
2424 2842 2642 2906 praeter

391 2926 588 2981 Oceani
623 2925 806 2981 fontes
843 2925 913 2980 ad
945 2926 1254 2995 Olympum.
1315 2926 1376 2979 In
1409 2927 1665 2981 extremis
1694 2931 1873 2981 autem
1907 2926 2105 2981 Oceani
2135 2924 2349 2995 angulis
2375 2924 2641 2980 Pindarus

391 3011 557 3065 etiam
601 3011 888 3065 beatorum
930 3011 1134 3065 insulas
1179 3011 1473 3067 collocavit
1508 3011 1612 3080 (Ol.
1640 3012 1825 3080 1176).
1898 3012 2048 3077 Quae
2093 3027 2216 3065 cum
2255 3012 2332 3065 ita
2366 3010 2473 3064 sint
2508 3010 2641 3077 quid

388 3097 581 3151 mirum
629 3097 780 3166 quod
822 3102 990 3165 poeta
1033 3097 1272 3151 lacteum
1317 3097 1506 3152 orbem
1547 3098 1735 3166 posuit
1770 3097 1911 3151 viam
1947 3096 2213 3151 ferentem
2251 3094 2321 3150 ad
2356 3095 2640 3149 beatorum

388 3182 607 3237 insulas.
691 3181 894 3236 Rohdii
948 3182 1240 3237 verborum
1293 3176 1428 3245 Διός
1481 3176 1620 3236 ὁδόν
1672 3182 2202 3251 interpretationem:
2256 3180 2339 3234 Es
2392 3181 2467 3233 ist
2518 3178 2641 3233 cher

388 3284 466 3321 an
502 3268 672 3335 εἰηοπ,
710 3284 818 3321 nur
849 3266 1081 3322 Go‘ttern
1116 3266 1231 3321 und
1263 3266 1520 3321 Geistern
1553 3266 1870 3336 yanybarcn
1898 3268 2029 3336 Weq
2061 3282 2169 3320 von
2206 3266 2299 3320 der
2332 3264 2639 3321 bcwohntcn

389 3352 542 3407 Erdc
575 3352 707 3425 iiber
742 3352 844 3406 den
870 3352 1162 3421 pfadlosen
1199 3353 1382 3408 Ozean
1417 3351 1500 3407 bis
1536 3370 1605 3407 zu
1642 3352 1829 3407 dassen
1868 3353 2106 3423 Qucum,
2141 3352 2267 3423 fern
2303 3352 2381 3406 im
2409 3352 2637 3421 Westen,

388 3454 459 3492 zu
494 3434 698 3492 denken
732 3454 832 3506 per
865 3454 926 3493 se
960 3439 1179 3492 minime
1216 3438 1564 3494 verisimilem
1600 3438 1927 3494 testimoniis
1964 3438 2157 3507 nequis
2194 3436 2525 3492 confirmare.

562 3541 605 3609 ¹)
640 3540 722 3596 Cf.
756 3540 1122 3596 Immischium
1158 3541 1306 3595 Neue
1340 3541 1531 3596 Jahrb.
1570 3541 1782 3597 XXXV
1822 3545 1951 3596 1915
1989 3546 2020 3595 9
2056 3558 2110 3610 p.
2136 3546 2234 3595 570
2271 3541 2454 3595 adnot.
2478 3546 2560 3593 40.

562 3627 605 3695 ¹)
651 3630 830 3697 δῆμος
875 3620 1118 3697 ὀνείρων
1165 3643 1233 3682 ex
1268 3627 1511 3682 Homero
1557 3626 1822 3696 originem
1869 3626 2071 3681 ducere
2113 3627 2186 3693 (ω
2216 3628 2327 3725 12).
2347 3626 2463 3681 iure
2499 3625 2639 3680 dixit

387 3712 448 3766 P.
475 3712 711 3768 Corssen
745 3711 860 3781 (De
893 3711 1081 3767 Posid.
1108 3710 1325 3767 Rhodio
1360 3728 1414 3782 p.
1442 3712 1557 3780 47):

795 3798 895 3873 η’δὲ
932 3806 1062 3876 παρ’
1095 3799 1343 3861 *Ηελίοιο
1381 3801 1566 3868 πύλας
1601 3808 1695 3860 καὶ
1733 3808 1913 3873 δῆμον
1946 3800 2213 3875 Ὀνείρων

795 3886 982 3960 ἤι’σαν.

388 3984 500 4039 Sed
543 3984 634 4040 hic
667 3985 721 4039 in
758 4001 826 4039 eo
864 3991 1009 4041 errat
1042 3986 1193 4056 quod
1227 3990 1386 4056 putat
1421 3984 1711 4055 asphodeli
1746 3990 1960 4054 pratum
1996 3986 2068 4052 (ω
2098 3985 2184 4054 13)
2220 3983 2386 4038 situm
2422 3999 2550 4040 esse
2584 3984 2638 4038 in

386 4070 569 4126 lacteo
603 4071 762 4135 orbe;
800 4072 1002 4125 etenim
1035 4070 1143 4127 hoc
1176 4075 1392 4141 pratum
1425 4070 1576 4141 apud
1600 4071 1898 4125 Homerum
1923 4070 1976 4124 in
2000 4069 2295 4125 inferorum
2319 4069 2637 4138 regionibus

389 4154 690 4223 cogitatum
719 4160 819 4224 est,
849 4172 1030 4226 neque
1058 4157 1117 4212 id
1149 4156 1301 4225 quod
1332 4157 1460 4211 dein
1488 4157 1550 4212 P.
1573 4156 1808 4213 Corssen
1835 4156 1991 4226 ponit
2014 4154 2396 4226 Pythagoreos
2423 4159 2636 4224 pratum

387 4241 442 4294 in
489 4240 669 4296 lacteo
717 4241 851 4296 orbe
899 4242 1004 4297 sibi
1050 4241 1297 4311 finxisse,
1348 4258 1415 4297 ex
1463 4241 1792 4297 testimoniis
1838 4244 2024 4310 potest
2068 4239 2269 4308 evinci3
2319 4255 2441 4294 nam
2485 4240 2635 4308 apud

388 4325 738 4383 Plutarchum
773 4325 867 4397 (de
898 4327 1004 4383 fac.
1034 4328 1090 4381 in
1120 4327 1234 4385 orb.
1263 4328 1423 4383 lunae
1455 4345 1500 4383 c.
1522 4332 1586 4383 28
1617 4344 1672 4397 p.
1694 4331 1792 4382 943
1808 4326 1879 4395 Β)
1910 4340 2073 4398 quem
2097 4325 2279 4381 locum
2303 4324 2541 4383 Corssen
2564 4325 2635 4382 ad
