3251 5125
718 364 792 422 12

709 538 920 596 Postea
961 540 1150 597 autem
1193 538 1384 597 anima
1422 537 1522 597 nbi
1561 539 1859 615 superavit
1895 540 2163 598 lunarem
2202 540 2500 615 regionem
2541 540 2617 600 ad
2650 542 2738 600 sni
2767 541 2966 601 simile

707 643 979 716 penetrat
1031 639 1227 715 ibique
1279 640 1457 699 alitur
1509 640 1717 700 iisdem
1773 642 1945 700 rebus
1990 641 2199 716 quibus
2244 645 2400 701 astra
2444 646 2843 703 sustentantur
2885 642 2966 703 cf.

709 743 825 803 Cic.
858 743 1034 801 Tusc.
1070 743 1098 800 I
1143 744 1237 815 19,
1261 743 1368 814 433
1423 742 1673 802 Corssen
1718 745 1757 801 l.
1782 745 1822 801 l.
1867 762 1924 820 p.
1954 743 2033 801 45
2059 761 2151 817 ss.,
2206 743 2601 805 Gerhaeusser
2643 747 2771 804 Der
2810 745 2964 804 Pro-

712 846 996 919 treptikus
1049 845 1148 904 des
1200 845 1616 915 Poseidonias,
1672 845 1807 904 diss.
1852 847 2043 920 inaug.
2092 846 2361 906 Heidelb.
2414 848 2573 906 1912
2628 867 2683 924 p.
2717 847 2795 906 56
2822 865 2895 907 ss.
2910 849 2963 924 1)

709 948 822 1006 Hic
887 947 1145 1006 dilucide
1209 966 1542 1024 expressam
1599 947 1880 1007 habemus
1939 947 2444 1023 Pythagoreorum
2505 949 2828 1010 doctrinam
2886 949 2966 1010 de

707 1052 852 1109 luna
917 1051 1068 1109 caeli
1125 1051 1302 1108 ianua
1317 1050 1366 1125 2)
1425 1067 1617 1125 neque
1679 1049 1916 1109 dubium
1977 1069 2102 1110 esse
2161 1054 2357 1126 potest
2413 1054 2554 1128 quin
2611 1053 2967 1113 Posidonius

709 1171 837 1213 eam
880 1151 1141 1211 hauserit
1180 1170 1212 1211 e
1251 1152 1656 1228 Pythagoreis,
1729 1151 2030 1234 Posidonii
2069 1171 2209 1212 vero
2249 1153 2550 1214 doctrinae
2590 1174 2742 1231 quae
2778 1157 2966 1231 longe

707 1255 951 1330 lateque
1014 1253 1206 1326 fluxit,
1272 1255 1519 1330 vestigia
1584 1255 1910 1330 reperimus
1968 1255 2285 1332 praecipue
2345 1255 2500 1332 apud
2558 1255 2965 1317 Plutarchum.

709 1357 884 1416 Cuius
929 1355 1189 1430 mythum
1209 1358 1257 1430 3)
1303 1357 1689 1416 clarissimum
1735 1357 1833 1430 qui
1878 1360 1968 1416 est
2011 1358 2072 1415 in
2118 1361 2377 1417 extremo
2418 1356 2490 1417 de
2529 1357 2680 1418 facie
2717 1359 2780 1416 in
2819 1358 2964 1417 orbe

706 1461 883 1518 lunae
929 1459 1167 1534 dialogo
1213 1460 1286 1533 (c.
1319 1459 1400 1515 28
1425 1476 1468 1516 s,
1514 1477 1569 1535 p.
1604 1459 1727 1516 943
1753 1459 1852 1535 sS.)
1897 1461 2076 1518 liceat
2119 1458 2215 1518 hic
2254 1461 2441 1519 fusius
2481 1463 2871 1536 pertractare:

880 1579 928 1621 c.
962 1562 1073 1619 28:
1155 1562 1342 1620 Terra
1400 1562 1645 1637 praebet
1702 1579 1937 1638 corpus,
1998 1561 2248 1620 animam
2305 1564 2473 1636 luna,
2534 1565 2625 1622 sol
2683 1566 2967 1634 mentem3

709 1665 898 1741 prima
971 1681 1125 1723 mors
1199 1663 1477 1740 disiungit
1547 1668 1801 1723 mentem
1876 1668 1934 1722 et
2007 1665 2259 1723 animam
2333 1683 2368 1723 a
2433 1683 2700 1741 corpore,
2773 1667 2969 1726 altera

712 1771 959 1826 mentem
1021 1767 1096 1824 ab
1158 1767 1364 1824 anima.
1467 1765 1748 1840 Quaeque
1808 1784 1949 1825 vero
2012 1768 2206 1825 anima
2264 1767 2363 1826 nbi
2425 1769 2566 1827 exiit
2624 1786 2656 1826 e
2716 1785 2965 1844 corpore

710 1875 959 1945 vagatur
1012 1868 1116 1927 fati
1166 1870 1302 1944 lege
1355 1887 1540 1954 aenea
1594 1869 1654 1926 in
1710 1871 1856 1957 locis
1910 1871 1979 1928 iis
2036 1888 2187 1945 quae
2242 1871 2590 1930 interiacent
2641 1875 2857 1930 terram
2906 1875 2967 1930 et

710 1975 975 2032 lunarem
1031 1973 1300 2047 globum;
1357 1973 1490 2047 piae
1543 1973 1625 2031 ibi
1680 1976 1901 2032 certum
1956 1972 2177 2048 degunt
2228 1976 2457 2048 tempus
2509 1974 2570 2031 in
2621 1974 2964 2033 tenuissimo

711 2091 847 2132 aere
884 2075 945 2132 in
984 2075 1165 2149 pratis
1205 2090 1355 2149 quae
1394 2074 1547 2132 Ditis
1586 2078 1872 2133 vocantur
1888 2076 1936 2149 4)
1977 2075 2164 2133 donec
2203 2077 2486 2133 lustratae
2526 2078 2659 2133 sunt
2697 2075 2961 2136 maculis.

711 2307 806 2344 nec
841 2290 1153 2344 interventu
1187 2290 1383 2344 mortis
1418 2293 1480 2343 in
1516 2289 1757 2344 nihilum
1794 2290 2015 2357 resolvi,·
2055 2290 2147 2343 sed
2183 2307 2379 2358 eorum,
2417 2290 2515 2358 qui
2545 2291 2686 2345 iusti
2715 2287 2960 2360 fuerunt,

702 2392 881 2444 puras
927 2379 978 2428 et
1018 2374 1354 2443 impatibiles
1389 2378 1440 2428 et
1475 2375 1661 2429 beatas
1696 2375 1769 2429 ad
1802 2375 1975 2428 sedem
2010 2375 2301 2442 coelestem,
2349 2374 2494 2429 unde
2528 2375 2646 2430 illis
2680 2374 2833 2446 oriyo
2868 2377 2961 2443 sit,

710 2477 968 2528 romeam-e,
1019 2460 1099 2513 vel
1147 2461 1210 2513 in
1257 2476 1473 2528 campos
1519 2460 1779 2528 quosdam
1814 2461 2131 2529 fortunatos
2166 2461 2318 2528 rapi,
2366 2460 2463 2514 ubi
2498 2462 2767 2529 fruantur
2800 2461 2963 2515 miris

711 2546 1099 2617 voluptatibus.
1171 2545 1407 2615 Campos
1453 2545 1763 2601 fortunatos
1814 2561 1937 2601 esse
1985 2545 2145 2601 lunae
2191 2545 2534 2615 superficiem
2582 2552 2729 2603 recte
2775 2547 2964 2602 statuit

711 2633 887 2689 Zeller
919 2633 1090 2687 1111³
1125 2649 1180 2701 p.
1207 2636 1305 2686 202
1343 2633 1526 2687 adnot.
1553 2638 1595 2686 1.
1667 2633 1739 2685 Et
1774 2632 1829 2685 in
1866 2632 2129 2686 doctrinis
2166 2647 2303 2701 quas
2336 2632 2440 2687 sub
2477 2634 2695 2687 nomine
2726 2633 2962 2687 Hermae

713 2718 1058 2787 Trismegisti
1100 2719 1303 2788 passim
1346 2718 1554 2786 reperis
1595 2733 1817 2785 sparsas
1852 2716 2047 2771 similia
2079 2717 2251 2772 habes
2286 2718 2355 2771 cf.
2386 2717 2606 2786 Asclep.
2639 2723 2720 2785 66,
2742 2725 2789 2787 7,
2833 2718 2961 2773 vide

712 2806 764 2861 J.
789 2804 948 2859 Ktoll
981 2803 1095 2857 Die
1119 2804 1334 2857 Lehren
1365 2803 1414 2857 d.
1440 2804 1668 2857 Hermes
1700 2804 1961 2872 Trismey.
1993 2820 2047 2873 p.
2070 2807 2167 2857 310
2201 2803 2482 2873 [Beitriige
2514 2820 2609 2857 zur
2632 2803 2961 2859 Geschichte

715 2890 814 2944 der
848 2889 1203 2957 Philosophie
1240 2889 1341 2943 des
1374 2889 1718 2943 Mittelalters
1752 2889 1861 2943 XII
1888 2892 2037 2943 2-4
2077 2888 2248 2959 1914].

886 2976 928 3043 ¹)
971 2975 1229 3040 Quaestio
1275 2975 1550 3030 enascitur
1594 2992 1705 3043 quo
1748 2976 1801 3028 in
1838 2990 2007 3043 opere
2042 2975 2372 3031 Posidonius
2408 2975 2617 3029 animae
2653 2975 2959 3030 immortali-

711 3065 880 3116 tatem
927 3060 1357 3129 pertractaverit.
1436 3061 1623 3114 Facile
1671 3066 1807 3129 puto
1853 3060 2101 3129 intellegi
2145 3076 2314 3130 posse
2357 3061 2447 3114 hic
2492 3061 2847 3129 cogitandum
2892 3060 2961 3115 de

713 3161 779 3200 eo
815 3160 987 3214 opere
1022 3175 1087 3183 —
1124 3144 1182 3198 id
1219 3146 1370 3213 quod
1404 3146 1512 3198 iam
1543 3144 1783 3199 Corssen
1818 3144 1905 3199 1.1.
1944 3161 1995 3213 p.
2024 3148 2087 3198 39
2125 3144 2264 3197 dixit
2299 3174 2363 3183 —-
2399 3145 2454 3198 in
2492 3161 2600 3213 quo
2639 3144 2857 3199 omnino
2891 3144 2960 3198 de

713 3231 887 3285 anima
920 3230 1251 3286 Posidonius
1294 3230 1472 3284 fusius
1517 3231 1739 3285 locutus
1784 3236 1893 3298 est,
1939 3227 2072 3299 περὶ
2119 3232 2302 3298 ψυχῆς
2345 3229 2592 3285 libellum
2638 3230 2762 3284 dico
2810 3229 2963 3285 cuius

712 3316 1041 3371 mentionem
1094 3315 1227 3370 facit
1271 3316 1520 3371 Eustath.
1569 3316 1624 3369 in
1672 3314 1824 3370 Iliad.
1873 3315 1928 3368 Μ
1955 3320 2052 3369 386
2100 3332 2155 3383 p.
2180 3320 2295 3383 910,
2318 3320 2413 3384 3⁰3
2469 3310 2958 3385 „upotpsnnxciv“

711 3402 992 3458 mavolunt
1027 3401 1403 3457 Gerhaeusser
1435 3400 1468 3455 l.
1491 3400 1523 3455 l.
1562 3406 1618 3457 et
1653 3401 1874 3456 Norden
1908 3401 2183 3470 Agnostos
2225 3401 2394 3456 Theos
2436 3405 2561 3455 1913
2599 3417 2654 3470 p.
2680 3405 2791 3455 105.

881 3488 928 3555 ²)
969 3487 1217 3542 Eandem
1253 3487 1563 3556 opinionem
1598 3486 1771 3541 habes
1807 3486 1952 3554 apud
1988 3485 2157 3541 Indos
2193 3486 2261 3541 ef.
2292 3485 2961 3555 Kaushitaki-Upanishad

712 3574 740 3629 Ι
766 3578 796 3628 2
833 3575 932 3641 (60
969 3564 1337 3643 Upam'shad's
1381 3571 1471 3626 des
1506 3572 1650 3651 Ῐζρᾶα
1694 3572 1771 3625 ed.
1808 3572 1874 3625 P.
1900 3572 2151 3625 Deussen
2192 3576 2319 3625 1897
2366 3589 2420 3640 p.
2458 3576 2521 3625 24
2561 3572 2630 3625 cf.
2668 3572 2854 3627 adnot.
2890 3572 2961 3625 ad

711 3658 1416 3728 chandogya-Upanishad
1451 3658 1502 3713 V
1522 3662 1550 3711 3
1599 3674 1654 3727 p.
1683 3662 1778 3711 137
1815 3657 2035 3725 Deuss.)
2090 3662 2147 3711 et
2191 3656 2507 3711 Edvardum
2553 3656 2828 3711 Lehmann
2875 3672 2959 3724 ap.

710 3742 1010 3813 Chantepie
1056 3744 1126 3799 de
1170 3744 1224 3798 la
1265 3744 1538 3813 Saussaye
1581 3742 1869 3797 Lehrbuch
1913 3742 2008 3795 der
2042 3740 2629 3811 Reliyionsyeschichte
2664 3741 2749 3796 ΙΙ2
2790 3759 2844 3811 p.
2870 3746 2981 3805 543.

711 3829 891 3885 Eisler
924 3828 1333 3884 Weltenmantel
1369 3827 1486 3882 und
1519 3827 1895 3882 Himmelszelt
1930 3828 1986 3882 11
2020 3844 2077 3896 p.
2103 3832 2202 3882 442
2238 3827 2423 3882 adnot.
2450 3832 2497 3880 6.

883 3916 927 3984 ⁸)
968 3915 1055 3969 De
1102 3914 1291 3984 mytho
1339 3913 1409 3969 cf.
1453 3914 1508 3967 in
1555 3916 1702 3968 univ.
1739 3912 1917 3968 Zeller
1959 3912 2130 3967 1112*
2178 3929 2233 3982 p.
2261 3915 2359 3967 200
2407 3912 2591 3967 adnot.
2620 3918 2672 3978 13
2726 3912 2963 3967 Bousset

710 3998 826 4054 Die
875 3999 1285 4054 Himmelsreise
1337 3999 1432 4053 der
1481 3999 1629 4054 Scele
1680 3999 1912 4069 (Archiv
1962 3997 2050 4052 fiir
2100 3997 2776 4066 Religionswissenschaft
2826 3997 2905 4053 IV
2930 4001 2961 4051 2

711 4102 768 4155 p.
795 4090 890 4140 251
908 4087 1033 4154 ss.);
1079 4085 1148 4139 K.
1174 4084 1396 4141 Gronau
1430 4084 1791 4139 Poseidonios
1836 4083 1951 4138 und
1986 4082 2073 4137 die
2097 4082 2677 4153 waisch-christliche
2714 4083 2963 4138 Genesis-

711 4186 927 4242 eaeeyese
965 4175 1096 4226 1914
1133 4188 1189 4240 p.
1215 4176 1313 4226 267
1332 4187 1404 4227 ss.

659 4290 664 4297 ·
883 4259 928 4326 ⁴)
974 4258 1252 4325 λειμῶνες
1293 4248 1483 4311 (Ἅιδου
1532 4257 1795 4327 orIginem
1843 4257 2052 4311 ducunt
2101 4271 2171 4310 ex
2215 4254 2465 4325 Orphieis
2514 4254 2581 4310 cf.
2624 4254 2780 4310 Diels
2816 4256 2962 4311 Vors.

711 4342 798 4397 11⁸
844 4359 899 4412 p.
930 4346 1025 4399 117
1072 4343 1265 4412 fragm.
1297 4345 1463 4410 20,11
1516 4344 1613 4411 (ex
1666 4340 2159 4412 supplicationibus
2211 4355 2243 4394 a
2294 4340 2492 4411 mystis
2544 4341 2615 4395 ad
2667 4340 2962 4396 inferorum
