3251 5125
957 308 969 320 ⁴
1327 308 1340 320 ι
1477 308 1529 331 .-

1009 334 1024 365 ο
1077 325 1090 336 ·
1279 342 1288 350 “
1323 340 1331 351 “
1392 331 1407 346 ⁸
1440 334 1477 359 ὀ
1568 341 1583 356 0
1644 333 1656 346 ⁷

956 376 970 384 ,
1063 363 1076 372 ν
1303 363 1312 376 ι
1439 361 1454 376 0
1622 360 1636 375 ο

1711 407 1722 420 υ

1680 431 1693 441 ι

736 407 771 474 2
909 463 926 474 υ
960 459 976 480 ⁸.
1040 453 1056 468 D
1093 448 1165 480 ,θ’
1229 448 1410 482 1,.0..
1577 443 1623 488 ..-

1153 479 1211 497 η’
1396 487 1408 494 -
1506 483 1520 494 ι

805 531 816 538 “
851 497 872 518 ⁴>
911 500 919 506 .
961 490 1018 523 ’ὔὲ
1095 497 1206 532 0...
1277 501 1284 511 ο
1321 502 1336 517 .
1397 513 1412 529 .

731 593 1008 663 quantum
1073 589 1247 649 video
1313 589 1580 650 subtilius
1646 590 1972 667 quaesitum
2032 591 2130 652 vel
2190 591 2465 654 continuo
2522 596 2832 654 tractatum
2892 593 2981 654 est

730 693 853 751 eius
919 693 1209 768 opinionis
1274 711 1562 768 quaenam
1631 696 1747 753 sint
1812 694 1968 771 apud
2028 695 2283 755 Graecos
2350 698 2513 772 origo
2580 715 2651 756 ac
2712 696 2978 772 vestigia,

729 800 901 870 atque
953 795 1066 855 hoc
1118 797 1350 870 quidem
1391 798 1649 857 ‚arbitror
1691 799 1871 874 longe
1916 800 2320 874 gravissimum
2360 817 2504 859 esse.
2590 801 2795 875 Itaque
2840 818 2980 875 age-

731 897 865 955 dum
921 897 1257 974 detegamus
1309 899 1557 975 primum
1611 899 1685 958 de
1737 901 1880 958 luna
1934 901 2254 959 animarum
2306 901 2450 960 sede
2494 903 2781 978 opinionis
2827 919 2979 978 quae

727 1000 803 1058 sit
868 1001 1056 1075 origo,
1125 1001 1259 1060 dein
1319 1005 1513 1060 autem
1571 1003 1693 1061 eius
1753 1003 2001 1078 vestigia
2058 1021 2479 1080 persequamur
2538 1006 2811 1064 continuo
2870 1023 2981 1081 per

728 1104 984 1162 saecula.

897 1207 1019 1265 Iam
1095 1207 1530 1266 consideremus
1601 1208 1848 1283 primum
1921 1209 2085 1282 vulgi
2159 1209 2479 1285 opiniones,
2594 1210 2977 1286 Perspicuum

728 1311 815 1367 est
880 1309 1047 1383 vulgi
1119 1309 1193 1367 de
1265 1311 1412 1368 luna
1483 1295 1818 1368 animarum
1878 1309 2175 1370 domicilio
2243 1312 2625 1386 cogitationes
2690 1311 2977 1371 artissime

727 1410 1040 1470 cohaerere
1096 1429 1227 1470 cum
1279 1413 1410 1471 aliis
1456 1413 1591 1487 plus
1637 1413 1900 1472 minusve
1943 1413 2232 1473 similibus
2277 1414 2784 1490 superstitionibus
2828 1430 2976 1489 quas

727 1515 960 1572 omnino
1015 1513 1089 1573 de
1139 1515 1284 1573 luna
1337 1516 1448 1574 sibi
1493 1513 1718 1574 effinxit
1762 1514 1931 1590 vulgi
1974 1517 2062 1574 vis
2105 1516 2466 1590 imaginandi
2508 1521 2685 1591 atque
2730 1517 2977 1575 annexis

725 1615 801 1674 ad
867 1617 1134 1675 lunarem
1197 1617 1566 1691 superficiem
1623 1617 1842 1676 fabulis
1900 1617 2277 1692 fabellisque.
2383 1617 2740 1688 Quaeramus
2798 1619 2979 1694 igitur

726 1721 956 1794 oportet
999 1719 1273 1798 quidnam
1318 1721 1532 1794 vulgus
1578 1719 1652 1778 de
1696 1721 1875 1778 lunae
1919 1697 2130 1778 natura
2175 1721 2285 1780 sibi
2330 1722 2690 1796 cogitaverit.
2926 1705 2933 1714 ’

731 1887 734 1892 ,
894 1822 1017 1879 Iam
1075 1822 1392 1896 singularis
1450 1823 1554 1880 ille
1613 1823 1791 1880 lunae
1853 1822 2137 1899 splendor
2189 1826 2361 1882 nocte
2415 1823 2702 1885 sideribus
2752 1813 2978 1883 illustri

725 1928 844 1982 tam
895 1926 1074 2000 longe
1125 1925 1362 1998 lateque
1415 1926 1717 1984 collucens
1772 1942 1841 1984 ac
1895 1926 2135 1984 claritas
2179 1943 2328 2001 pura
2372 1930 2430 1983 et
2474 1927 2702 2001 magica
2744 1931 2809 1984 ut
2852 1943 2976 1984 om-

725 2027 865 2083 nino
911 2026 1189 2101 cuiusque
1235 2028 1485 2085 animum
1531 2027 1614 2083 ita
1658 2027 1975 2102 praecipue
2016 2027 2315 2102 simplices
2356 2026 2711 2086 Graecorum
2751 2028 2976 2086 animos

724 2133 933 2186 natura
991 2128 1196 2188 ductos
1252 2129 1329 2186 ad
1383 2129 1576 2187 omnia
1630 2145 1779 2204 quae
1834 2129 2107 2188 sublimia
2160 2132 2218 2188 et
2274 2127 2583 2204 magnifica
2634 2134 2803 2188 erant
2855 2147 2976 2188 non

723 2231 896 2290 modo
935 2229 1320 2292 admiratione
1357 2233 1517 2290 laeta
1555 2231 1663 2290 sed
1700 2232 1875 2290 etiam
1909 2236 2069 2290 metu
2096 2230 2349 2306 quodam
2382 2248 2597 2290 arcano
2627 2232 3001 2291 imbuerunt..

722 2333 867 2392 Inde
920 2334 1152 2392 nullum
1203 2335 1263 2391 in
1316 2333 1610 2392 veteribus
1666 2334 2017 2392 carminibus
2061 2334 2267 2406 lyricis
2310 2335 2573 2409 reperias
2617 2335 2768 2394 cacli
2812 2333 2975 2392 sidus

721 2440 1028 2512 tantopere
1095 2437 1457 2496 celebratum
1524 2436 1789 2496 versibus
1854 2437 2178 2512 praeclaris
2245 2454 2313 2495 ac
2380 2440 2646 2494 naturam
2704 2424 2768 2494 fe
2828 2454 2975 2494 vera

722 2539 1142 2614 respirantibus
1191 2539 1477 2599 sinceram
1523 2543 1887 2615 quantopere
1929 2539 2148 2597 lunam.
2163 2538 2209 2614 1)
2297 2537 2396 2597 Ad
2440 2539 2563 2597 eius
2607 2536 2974 2615 superficiem

724 2646 1112 2708 annectuntur
1167 2640 1404 2700 fabulae
1463 2640 1842 2716 fabellaeque
1898 2642 2245 2716 permultae.
2348 2638 2569 2710 Quibus
2623 2642 2684 2698 in
2738 2658 2973 2699 enume-

721 2743 920 2803 randis
964 2744 1505 2819 pertractandisque
1549 2743 1609 2802 id
1654 2762 1829 2814 unum
1875 2744 2155 2819 proposui
2191 2760 2264 2801 ne
2305 2742 2443 2817 quid
2484 2743 2645 2801 aliud
2685 2744 2971 2819 attingam

720 2848 834 2904 nisi
891 2846 1048 2923 quod
1105 2864 1169 2905 re
1225 2864 1369 2905 vera
1425 2863 1457 2903 e
1510 2846 1677 2921 vulgi
1732 2846 2144 2921 superstitione
2198 2861 2325 2903 esse
2379 2848 2437 2903 et
2489 2845 2743 2919 quodam
2796 2844 2969 2903 modo

891 3066 936 3133 1)
972 3062 1051 3118 Cf.
1085 3064 1532 3120 Preller-Robert
1577 3063 1676 3118 Gr.
1701 3063 1878 3133 Myth.
1920 3064 1982 3145 1⁴·
2022 3080 2075 3132 p.
2101 3068 2201 3117 443
2246 3063 2431 3118 adnot.
2459 3068 2487 3117 5
2528 3068 2585 3117 et
2617 3068 2672 3131 63
2722 3063 2971 3117 Roscher

719 3148 905 3202 Selene
945 3165 998 3217 p.
1024 3154 1084 3203 18
1129 3164 1245 3217 cap.
1275 3154 1320 3203 3.
1393 3149 1612 3204 Facere
1642 3165 1752 3203 non
1795 3165 2020 3217 possum
2063 3149 2194 3218 quin
2236 3148 2327 3201 hic
2366 3148 2639 3217 proferam
2674 3147 2968 3205 nonnullos

723 3250 913 3289 versus
947 3234 1421 3304 praeclarissimos,
1457 3234 1641 3304 hymn.
1667 3235 1825 3289 Hom.
1853 3238 1934 3303 32,
1954 3239 2095 3289 5ss,:

1541 3354 1759 3424 στίλβει
1797 3350 1855 3407 δέ
1890 3354 1945 3407 τ’
1983 3344 2315 3420 ἀλάμπετος
2348 3348 2458 3423 ἀήρ

1024 3436 1269 3508 χρυσέου
1307 3432 1424 3493 ἀπό
1463 3435 1771 3509 στεφάνου,
1810 3433 2034 3502 ἀκτῖνες
2069 3438 2122 3492 δ’
2162 3432 2499 3502 ἐνδιάονται,

1029 3517 1151 3579 εὖτ’
1191 3518 1260 3578 ἂν
1296 3518 1398 3577 ἀπ’
1439 3514 1744 3577 Ὠκεανοῖο
1782 3521 2135 3591 λοεσσαμένη
2169 3516 2320 3593 χρόα
2356 3520 2551 3587 καλόν,

1027 3604 1235 3677 εἵματα
1274 3605 1561 3677 ἑσσαμένη
1599 3606 1879 3678 τηλαυγέα
1916 3611 2008 3662 δῖα
2050 3602 2277 3678 Σελήνη
2317 3651 2328 3662 .
2356 3651 2368 3663 .
2395 3652 2406 3663 .

888 3730 1144 3799 Sapphus
1180 3729 1399 3785 divinae
1435 3729 1624 3799 fragm.
1652 3735 1681 3784 3
1719 3729 1965 3799 Bergk⁴:
1996 3764 2002 3770 -

1025 3844 1280 3919 Ἄστερες
1314 3847 1425 3917 μὲν
1461 3844 1607 3919 ἀμφὶ
1644 3845 1829 3903 κάλαν
1866 3844 2150 3903 σελάνναν

1027 3928 1159 4003 αἶψ’
1196 3927 1616 4005 ἀποκρύπτοισι
1655 3931 1908 4005 φάεννον
1946 3926 2097 3997 εἶδος

1026 4014 1254 4074 ὅπποτα
1291 4016 1590 4091 πλήθοισα
1627 4012 1877 4088 μάλιστα
1914 4016 2123 4089 λάμπῃ.

717 4140 801 4195 cf.
849 4145 918 4193 et.
956 4140 1146 4209 fragm.
1179 4146 1204 4193 7
1254 4140 1416 4194 Diehl
1463 4140 1674 4209 (Suppl.
1716 4140 1948 4210 lyric.²),
2002 4140 2091 4193 alii
2142 4144 2343 4208 poetae
2396 4139 2575 4193 lunam
2628 4144 2969 4194 vocaverunt

720 4220 961 4296 ἑσπέρας
997 4218 1309 4295 ὀφθαλμόν
1353 4226 1421 4279 cf.
1455 4225 1610 4279 Pind.
1647 4226 1726 4281 01.
1760 4226 1845 4279 111
1870 4230 1964 4295 20,
2007 4225 2272 4294 Aeschyl.
2308 4225 2455 4279 Pers.
2488 4228 2587 4280 428
2634 4224 2721 4279 ed.
2748 4224 2965 4278 Wilam.

716 4312 1080 4365 recentiorum
1147 4310 1218 4365 cf.
1285 4315 1500 4380 praeter
1565 4310 1860 4366 Goethium
1927 4311 2223 4379 praecipue
2285 4310 2423 4365 Jean
2478 4310 2610 4364 Paul
2668 4308 2968 4365 Scimtliche

716 4396 902 4451 Werke
934 4397 1014 4452 IV
1049 4414 1102 4465 p.
1129 4401 1209 4450 32.
2300 4422 2303 4425 ⁴
