3251 5125
2495 409 2577 469 45

297 589 594 667 quaestio
676 587 970 650 enascitur
1051 605 1166 665 quo
1251 604 1324 646 ex
1394 585 1558 645 fonte
1633 583 1902 646 Ciceroni
1972 584 2117 643 haec
2192 584 2577 642 manaverint.

293 692 666 753 Boeckhius
709 690 872 767 (Ges.
903 691 1067 752 Schr.
1105 690 1194 749 111
1235 708 1292 765 p.
1318 689 1441 748 304
1462 689 1548 762 s.)‚
1593 687 1933 747 Ciceronem
1978 687 2207 762 putavit
2248 687 2309 744 in
2354 686 2578 744 somnio

294 795 617 870 Scipionis
693 796 930 853 omnino
1000 794 1285 856 imitatum
1359 809 1487 851 esse
1561 790 1826 849 Platonis
1900 789 2030 848 Eris
2102 788 2364 862 mythum
2432 789 2579 863 (rep.

296 899 451 956 614
475 899 670 972 Ass).
760 896 1032 957 Concedo
1093 895 1327 971 quidem
1379 893 1685 953 Boeckhio
1744 893 1954 969 quibus
2014 890 2363 950 describitur
2420 890 2577 949 orbis

293 1002 577 1072 lacteus,
631 1001 930 1060 Ciceronis
983 999 1166 1057 verba
1212 998 1360 1057 haec
1405 1001 1536 1056 erat
1576 1001 1777 1055 autem
1819 998 1872 1055 is
1916 995 2389 1069 splendidissimo
2435 1003 2575 1054 can-

295 1104 465 1162 dore
515 1105 671 1161 inter
719 1105 996 1174 flammas
1050 1104 1236 1160 circus
1283 1102 1512 1159 elucens
1557 1145 1570 1158 .
1616 1145 1630 1158 .
1678 1145 1690 1157 .
1738 1117 1804 1158 ex
1848 1086 1963 1172 qao
2008 1099 2209 1157 omnia
2252 1098 2399 1156 mihi
2440 1115 2574 1157 con-

298 1205 638 1278 templanti
659 1205 984 1278 praeclara
1026 1209 1216 1262 cetera
1257 1207 1315 1262 et
1347 1202 1653 1273 mirabilia
1684 1189 2038 1263 videbantur
2065 1201 2270 1276 (somn.
2294 1200 2449 1276 Scip.
2476 1201 2574 1275 16)

291 1309 659 1366 memoriam
714 1325 992 1366 revocare
1036 1307 1306 1365 Platonis
1360 1304 1507 1382 (rep.
1538 1306 1663 1364 616
1680 1304 1755 1381 B)
1811 1349 1824 1362 .
1865 1349 1878 1362 .
1919 1350 1933 1363 .
1989 1293 2100 1365 διὰ
2147 1297 2407 1375 παντὸς
2449 1302 2575 1363 τοῦ

292 1405 628 1490 ου’ρανοῦ
680 1406 793 1470 καὶ
835 1409 956 1490 γῆς
1000 1406 1364 1490 τεταμένον
1408 1407 1552 1485 φῶς
1598 1399 1775 1470 εὐθύ
1929 1453 1941 1464 .
1990 1399 2459 1488 λαμπρότερον
2502 1401 2574 1468 δὲ

289 1509 432 1574 καὶ
487 1505 996 1593 καθαρώτερον,
1055 1517 1116 1570 at
1169 1511 1242 1570 de
1295 1510 1584 1570 heroibus
1622 1511 1821 1570 orbem
1874 1512 2127 1570 lacteum
2180 1509 2574 1568 incolentibus

291 1614 476 1692 apud
543 1616 847 1675 Platonem
922 1614 1073 1673 nihil
1142 1615 1320 1690 legffi,
1392 1613 1548 1674 unde
1621 1614 1951 1673 necessario
2018 1611 2415 1688 colligendum
2482 1616 2573 1673 est

292 1719 664 1780 Ciceronem
707 1716 820 1776 hoc
865 1719 1003 1776 loco
1049 1719 1282 1776 minime
1327 1717 1639 1776 Platonem
1684 1720 1943 1776 secutum
1989 1733 2117 1776 esse
2161 1716 2372 1775 solum.
2442 1717 2571 1775 Nec

293 1819 594 1881 Corsseni
651 1822 718 1894 (l.
748 1821 788 1878 l.
843 1838 900 1896 p.
930 1820 1037 1895 46)
1103 1819 1486 1896 comprobare
1551 1837 1787 1895 possum
1851 1822 2193 1894 argumenta
2254 1837 2291 1877 a
2348 1819 2569 1878 Dielsio

291 1920 561 1982 laudata
592 1922 778 1998 (Mus.
799 1921 989 1982 Rhen.
1020 1922 1268 1981 XXXIV
1307 1922 1468 1981 1879
1508 1939 1565 1998 p.
1591 1920 1741 1997 489)
1780 1921 1988 1996 quibus
2024 1922 2131 1980 ille
2171 1920 2569 1981 demonstrare

291 2029 562 2086 conatur
615 2023 956 2084 Ciceronem
1016 2042 1182 2084 usum
1235 2023 1567 2084 Posidonio.
1655 2023 1725 2081 In
1779 2023 2079 2083 Posidonii
2136 2024 2337 2109 ipsius·
2376 2027 2570 2083 autem

293 2127 598 2187 doctrinis
657 2128 1010 2202 nequiquam
1071 2131 1352 2202 quantum
1413 2126 1680 2186 videmus
1736 2127 2001 2204 requiras
2054 2125 2128 2185 de
2180 2127 2374 2186 lacteo
2425 2127 2569 2187 orbe

292 2228 452 2290 sede
513 2230 836 2289 animarum
893 2231 1229 2305 opiniones;
1288 2228 1534 2289 fortasse
1589 2233 1782 2288 autem
1835 2231 2137 2306 putaveris
2190 2228 2570 2288 Posidonium

292 2330 795 2410 philosophorum
840 2336 1101 2392 veterum
1142 2330 1645 2408 Pythagoreorum
1690 2351 1807 2391 non
1852 2331 2164 2391 dissimiles
2206 2332 2407 2392 neseio
2452 2350 2567 2410 quo

293 2451 490 2512 opere
533 2439 943 2511 pertractasse.
1017 2435 1133 2495 Sed
1177 2438 1236 2494 et
1277 2435 1424 2495 haec
1468 2437 1650 2511 plane
1692 2437 1919 2494 incerta
1961 2439 2111 2494 sunt.
2184 2436 2334 2494 Puto
2373 2439 2565 2494 autem

293 2538 563 2600 certiora
620 2535 930 2597 efficienda
987 2555 1115 2599 esse
1177 2555 1250 2597 ex
1300 2537 1622 2599 Heraclide
1676 2538 1941 2599 Pontico.
2036 2536 2313 2610 Quaestio
2365 2542 2454 2599 est
2503 2539 2565 2597 in

293 2658 424 2717 qno
472 2639 807 2699 Heraclidis
866 2658 1044 2717 opere
1103 2658 1293 2701 sermo
1349 2641 1522 2702 fuerit
1575 2642 1649 2700 de
1701 2643 1877 2701 rebus
1930 2641 2315 2714 caelestibus3
2376 2643 2565 2717 agitur

294 2747 537 2805 tantum
569 2740 641 2801 de
674 2743 899 2803 duobus
927 2744 1204 2819 dialogis:
1243 2742 1396 2824 περὶ
1426 2742 1568 2806 τῶν
1599 2740 1674 2805 ἐν
1694 2725 1915 2807 (Άιόοὺ
1946 2746 2142 2822 (Diog.
2171 2738 2365 2805 Laert.
2387 2745 2441 2804 V
2463 2746 2563 2819 87,

293 2848 463 2905 Plut.
515 2843 591 2904 de
636 2845 801 2904 libid.
854 2850 912 2904 et
965 2864 1122 2921 aegr.
1169 2846 1234 2919 5,
1292 2846 1443 2905 Voss
1495 2865 1552 2922 p.
1585 2847 1665 2905 55
1720 2846 1923 2921 fragm.
1958 2848 2089 2923 34),
2149 2849 2248 2905 vel
2301 2849 2350 2907 si
2402 2851 2561 2908 recte

294 2949 540 3009 titulum
593 2948 844 3008 restituit
894 2948 1161 3007 Vossius:
1219 2943 1471 3031 Ἄβαρις
1524 2938 1566 3033 ἢ
1617 2946 1771 3030 περὶ
1825 2948 1967 3010 τῶν
2019 2944 2093 3010 ἐν
2132 2938 2349 3011 Ἅιδου
2394 2950 2561 3011 Voss.

292 3070 354 3127 p.
390 3049 475 3108 56
523 3054 580 3108 et
617 3046 770 3130 περὶ
809 3048 950 3111 τῶν
990 3045 1063 3111 ἐν
1103 3044 1374 3132 οὐρανῷ
1413 3051 1584 3125 Diog.
1615 3051 1810 3111 Laert.
1834 3052 1885 3108 V
1910 3053 2007 3123 87,
2050 3052 2217 3111 Voss,
2257 3071 2315 3128 p.
2340 3053 2418 3112 55
2460 3054 2560 3112 vel

293 3144 784 3233 Ἐμπεδότιμος
835 3142 879 3233 ἢ
931 3149 1086 3234 περὶ
1138 3153 1282 3214 τῶν
1334 3148 1408 3214 ἐν
1461 3149 1741 3235 οὐρανῷ
1793 3150 1970 3234 (περὶ
2022 3153 2164 3215 τῶν
2211 3148 2559 3234 οὐρανίων

292 3256 474 3315 Voss.
533 3271 588 3329 p.
625 3254 748 3329 58).
857 3255 977 3316 Sed
1039 3257 1219 3332 longe
1285 3256 1691 3331 gravissimum
1758 3256 1910 3316 duco
1976 3249 2454 3339 Ἐμπεδότιμον
2519 3246 2560 3340 ἢ

293 3353 459 3438 περὶ
502 3355 644 3418 τῶν
688 3352 759 3419 ἐν
805 3352 1077 3440 οὐρανῷ
1115 3358 1414 3436 dialogum
1452 3360 1590 3436 quia
1629 3361 1690 3418 in
1730 3363 2117 3435 nso-quantum
2156 3361 2558 3437 colligendum

295 3464 390 3520 est
447 3476 480 3517 e
537 3458 880 3535 fragmentis
938 3462 1255 3537 praecipue
1314 3464 1470 3521 caeli
1524 3462 1897 3538 siderumque
1949 3463 2234 3523 miracula
2284 3469 2557 3524 enarrata

302 3566 445 3622 sunt
503 3567 679 3637 atque
740 3562 799 3621 id
861 3563 1018 3639 quod
1075 3563 1153 3622 ad
1212 3583 1318 3624 nos
1375 3566 1628 3641 pertinet
1686 3567 2006 3625 animarum
2063 3566 2126 3624 in
2175 3568 2367 3627 lacteo
2413 3568 2554 3628 orbe

298 3665 678 3739 migrantium
717 3666 916 3741 opinio
953 3670 1312 3741 pertractata
1345 3671 1434 3727 est
1461 3667 1542 3745 (v.
1563 3666 1760 3745 infra).
1827 3668 1954 3739 Quo
1984 3670 2046 3727 in
2076 3668 2313 3745 dialogo
2343 3670 2556 3746 Empe-

299 3767 558 3828 dotimus
609 3767 752 3827 dicit
804 3786 868 3827 se
921 3767 1257 3829 ascendisse
1308 3770 1385 3829 ad
1430 3772 1713 3830 caelestia
1755 3771 1951 3849 ibique
1997 3771 2213 3831 vidisse
2255 3777 2435 3832 totam
2481 3772 2555 3833 de

298 3870 476 3929 rebus
514 3870 866 3930 caelestibus
896 3872 1204 3931 veritatem
1244 3871 1316 3931 cf.
1347 3873 1542 3933 Procl.
1570 3875 1614 3931 l.
1638 3875 1701 3947 1.,
1738 3875 2009 3934 Damasc.
2040 3892 2133 3951 ap.
2164 3874 2397 3950 Philop.
2427 3876 2469 3933 l.
2490 3877 2552 3951 1.,

298 3970 500 4047 Bergk
543 3972 761 4033 Kleine
791 3974 1224 4049 philoloyische
1263 3974 1562 4051 Schriften
1604 3976 1663 4035 H
1707 3994 1763 4052 p.
1789 3978 1929 4036 707.
2010 3978 2315 4054 Perpauca
2358 3983 2551 4039 autem

255 4158 261 4166 ‘
299 4154 365 4207 in
418 4152 911 4210 Neu-sad-Wazee
967 4156 1045 4211 ist
1095 4157 1176 4212 sic
1227 4157 1340 4225 (die
1389 4157 1791 4228 Milchstrafsc)
1845 4159 1939 4214 ein
1988 4160 2173 4216 Strom
2221 4160 2325 4216 mit
2376 4161 2553 4219 einem

301 4238 536 4293 schoncn
569 4238 974 4309 Fruchtqarten
1021 4240 1225 4311 daran,
1273 4259 1344 4297 zu
1390 4243 1508 4297 dem
1554 4242 1644 4298 die
1676 4243 1863 4298 Scelen
1910 4244 2005 4299 der
2041 4244 2224 4301 Guten
2257 4245 2398 4300 nach
2433 4246 2551 4301 dem

308 4320 451 4377 Tode
480 4322 766 4393 yelanqem
809 4324 995 4380 Ridlei
1027 4324 1272 4381 Journal
1300 4328 1608 4399 anthropol.
1640 4327 1820 4383 instit.
1850 4328 1909 4383 11
1942 4346 1996 4399 p.
2018 4334 2141 4395 2733
2178 4330 2548 4389 R10.Andree

300 4406 814 4481 Ethnoqraphischc
847 4410 1160 4467 Parallelen
1194 4430 1247 4483 p.
1271 4419 1386 4485 110,
1423 4416 1616 4472 Ratzel
1652 4416 1687 4471 l.
1707 4414 1742 4471 l.
1776 4410 1834 4470 11
1868 4432 1921 4486 p.
1949 4420 2028 4472 89.
