3251 5125
26 603 28 624 -
25 411 40 596 -ὴ

2516 385 2598 446 4⁷

353 572 486 615 eum
543 555 698 632 legis
752 553 1084 616 Heraclidis
1145 555 1219 616 de
1281 557 1507 616 animae
1560 561 1773 616 natura
1826 555 2205 618 doctrinam2'
2244 605 2256 617 .
2297 604 2309 618 .
2350 605 2363 617 .
2415 561 2605 632 iisque

355 657 462 732 (sc.
485 658 851 735 hominibus)
895 661 1130 718 animus
1170 659 1350 719 datus
1390 664 1478 718 est
1515 677 1583 719 ex
1619 661 1745 720 illis
1774 663 2139 734 sempiternis
2166 663 2419 736 iynibus,
2454 679 2605 735 quae

353 762 553 821 sidera
611 766 669 820 et
723 762 931 821 stellas
981 764 1207 822 voeatis
1259 763 1464 837 (somn.
1504 761 1656 838 Scip.
1703 781 1750 822 c.
1781 763 1907 838 15),
1968 763 2104 822 dein
2155 769 2357 822 narrat
2400 764 2603 824 Cicero

356 865 624 924 omnibus
679 866 781 938 qui
819 867 1092 938 patriam
1145 867 1614 924 conservaverint
1658 867 1996 925 adiuverint
2034 869 2330 936 auxerint,
2385 871 2603 926 certwm
2718 889 2721 892 ·

355 984 482 1026 esse
547 967 861 1039 definitum¹
921 968 1133 1036 locum,
1198 966 1294 1026 hic
1363 972 1552 1026 certus
1615 969 1683 1026 in
1750 968 1913 1028 caelo
1982 969 2256 1042 delinitus
2318 970 2478 1029 locus
2540 971 2635 1028 in.

355 1088 484 1146 cap.
521 1072 596 1128 16
657 1072 996 1146 appellatur
1052 1073 1281 1129 lacteus
1338 1071 1497 1129 orbis
1556 1071 1614 1129 in
1677 1088 1792 1146 quo
1852 1071 1942 1131 his
2002 1072 2143 1148 ipsis
2195 1071 2392 1130 verbis
2441 1075 2514 1130 nt
2563 1089 2604 1130 a

357 1171 565 1234 Graiis
616 1174 923 1247 accepistis
974 1177 1256 1249 provocat
1300 1172 1502 1234 Cicero
1559 1173 1635 1232 ad
1688 1175 2054 1250 exemplaria
2099 1173 2344 1234 Graeca.
2431 1172 2603 1234 Unde

351 1277 469 1335 iam
521 1277 892 1353 perspicuum
944 1275 1122 1335 debet
1173 1293 1303 1335 esse
1349 1275 1650 1337 Ciceronis
1695 1276 1917 1336 fontem
1961 1278 2152 1353 ipsum
2194 1276 2375 1336 fuisse
2420 1278 2605 1335 Hera-

355 1377 527 1438 clidis
570 1378 802 1437 Pontici
848 1371 1324 1459 Ἐμπεόότιμος
1377 1367 1418 1458 ἢ
1462 1375 1614 1459 περὶ
1662 1377 1807 1440 τῶν
1849 1373 1923 1440 ἐν
1966 1373 2241 1460 ου’ρανῷ
2289 1379 2607 1454 dialogum.

353 1483 568 1540 Postea
627 1481 875 1540 eandem
934 1481 1260 1541 doctrinam
1314 1481 1542 1556 accepit
1593 1481 1827 1556 suisque
1880 1483 2231 1542 carminibus
2283 1481 2610 1542 celebravit

353 1583 630 1642 Manilius
673 1587 890 1643 astron.
926 1584 956 1641 1
986 1584 1110 1643 758
1154 1583 1409 1642 Breiter:
1832 1566 1839 1572 ’

666 1713 765 1779 an'
788 1719 974 1794 fortes
1019 1720 1257 1778 animae
1302 1719 1665 1794 diynataque
1706 1722 1959 1779 numina
2004 1721 2166 1780 caelo

665 1823 1002 1896 emporibus
1043 1823 1307 1881 resoluta
1351 1825 1477 1882 suis
1525 1826 1825 1896 terraeque
1866 1825 2114 1883 remissa

665 1925 778 1985 hnc
817 1927 1083 2000 miyrant
1124 1943 1194 1986 ea·
1238 1925 1372 1984 orbe
1415 1942 1702 1998 suumque
1746 1927 2087 1986 habitantia
2132 1927 2359 1985 caelum

666 2028 955 2087 aetherios
995 2028 1215 2086 uiuunt
1258 2045 1449 2087 annos
1491 2029 1827 2102 mundoque
1869 2028 2173 2103 fruuntur.
2190 2031 2233 2103 ¹)

355 2169 676 2241 sequuntur
718 2144 929 2226 heroes
974 2166 1202 2241 virique
1246 2165 1557 2225 clarissimi
1601 2165 1679 2241 (v.
1711 2167 1835 2225 762
1860 2167 1978 2243 ss.).

500 2286 719 2344 'Etiam
772 2285 1001 2344 Manilii
1057 2288 1378 2361 posuerunt
1435 2285 1656 2344 fontem
1714 2303 1843 2346 esse
1892 2285 2270 2346 Posidonium
2324 2285 2397 2346 cf.
2442 2287 2608 2346 Diels

351 2385 459 2445 1.1.
512 2406 571 2463 p.
602 2385 726 2446 490
786 2405 1032 2463 eumque
1085 2390 1427 2462 sequentem
1482 2387 1773 2446 Edvinum
1825 2389 2080 2448 Mueller
2133 2388 2228 2447 De
2279 2388 2601 2449 Posidonio

352 2489 607 2549 Manilii
671 2493 908 2549 auctore
966 2506 1117 2565 spec.
1168 2489 1221 2548 I.
1281 2489 1417 2548 diss,
1469 2489 1614 2566 phil.
1669 2491 1825 2566 Lips.
1877 2488 2032 2548 1901
2091 2508 2147 2567 p.
2178 2490 2280 2565 14,
2345 2492 2601 2550 Breiter:

353 2594 558 2653 Manil.
603 2594 658 2652 11
712 2611 770 2669 p.
804 2595 883 2652 2⁴8
909 2610 984 2653 ss.
1080 2592 1350 2653 Concedo
1408 2592 1643 2668 quidem
1697 2595 2047 2653 Muellerum
2102 2595 2394 2653 nonnulla
2446 2594 2605 2670 apud

292 2773 296 2777 ι
351 2696 658 2754 Manilium
716 2711 868 2771 qnae
926 2715 959 2756 e
1011 2695 1326 2755 Posidonio
1386 2695 1672 2771 originem
1726 2695 2040 2770 duxerunt,
2098 2698 2389 2771 sagaciter
2443 2696 2603 2757 dete-

354 2798 543 2873 gisse;
609 2816 812 2857 versus
877 2802 1070 2857 autem
1135 2798 1196 2856 in
1261 2799 1472 2873 quibus
1536 2798 1769 2858 heroes
1816 2816 1887 2857 ac
1948 2800 2060 2857 viri
2116 2800 2425 2859 clarissimi
2481 2801 2604 2859 lac-

351 2904 512 2959 teum
585 2901 785 2959 orbem
855 2901 1184 2960 incolentes
1257 2901 1414 2959 beati
1485 2900 1770 2960 celebrati
1834 2905 1968 2959 sunt
2033 2918 2107 2959 ex
2172 2900 2377 2961 eodem
2441 2900 2605 2961 fonte

355 3008 776 3063 emanaverunt
829 3021 899 3062 ac
945 3002 1244 3063 Ciceronis
1297 3003 1503 3062 somnii
1546 3003 1839 3079 Scipionis
1891 3004 2074 3063 verba
2126 3004 2163 3061 i.
2195 3022 2243 3062 e.
2298 3021 2371 3061 ex
2418 3003 2605 3063 Hera-

355 3105 514 3164 clide
559 3105 881 3181 Pontico.2)
967 3105 1118 3164 Vide
1170 3108 1246 3163 et.
1285 3105 1454 3163 Mart.
1494 3104 1635 3181 Cap.
1679 3107 1738 3165 11
1768 3106 1890 3163 207
1938 3105 2196 3181 (Gundel
2248 3124 2341 3181 ap.
2384 3106 2603 3181 Pauly-

357 3209 646 3268 Wissowa
689 3208 801 3266 VII
830 3209 858 3264 1
908 3226 965 3283 p.
997 3207 1163 3284 565).

526 3329 664 3388 Non
737 3326 948 3387 desunt
1019 3328 1356 3386 testimonia
1422 3346 1454 3387 e
1521 3328 1731 3404 quibus
1804 3328 2036 3387 eluceat
2100 3327 2603 3403 Pythagoreorum

356 3432 704 3491 sententiam
777 3448 894 3505 qua
965 3427 1394 3489 demonstratur
1457 3446 1659 3489 omnes
1723 3434 1857 3508 post
1920 3434 2163 3490 mortem
2227 3432 2479 3507 migrare
2542 3431 2605 3488 in

529 3685 572 3751 ι)
619 3680 701 3737 Cf.
747 3682 1108 3738 Classicorum
1163 3688 1303 3737 auct.
1357 3699 1388 3738 e
1435 3683 1610 3738 Vatic.
1661 3682 1824 3738 codd.
1877 3683 2006 3737 edit.
2060 3683 2129 3738 ab
2182 3680 2406 3752 Angelo
2459 3683 2604 3739 Maio

356 3772 486 3822 tom.
511 3767 596 3822 111
629 3785 684 3837 p.
711 3772 807 3823 481
849 3784 890 3823 e.
911 3785 965 3822 v.
996 3769 1234 3823 Lacteus
1269 3768 1502 3823 circulus
1538 3768 1725 3838 (Corp.
1752 3767 1933 3824 Gloss.
1959 3770 2075 3823 Lat.
2105 3768 2193 3823 ed.
2222 3769 2397 3824 Goetz
2429 3769 2604 3824 vol.V

356 3870 410 3922 p.
431 3855 521 3922 79)
566 3852 802 3907 Lacteus
845 3854 1081 3908 circulus
1123 3854 1222 3907 uia
1267 3871 1370 3923 que
1403 3853 1468 3907 in
1501 3869 1662 3923 spera
1697 3852 1929 3907 uidetwr·
1954 3854 2114 3921 quasi
2150 3854 2276 3908 alba
2309 3870 2464 3923 quem
2498 3853 2605 3907 alii

357 3937 550 3993 dicunt
596 3939 804 3993 animis
851 3938 1118 3994 heremum
1165 3940 1522 4007 antiquorum
1564 3955 1619 3992 se
1662 3939 1844 4007 fertur
1886 3954 1996 3992 esse
2040 3942 2090 3994 et
2131 3940 2413 3995 meritores
2445 3939 2605 4008 plen-

357 4022 480 4077 dere
515 4066 527 4077 .
563 4066 575 4078 .
611 4044 650 4092 .;
698 4024 885 4094 Bergk
924 4024 1128 4078 Kleine
1162 4023 1360 4091 philol.
1395 4023 1677 4093 Schriften
1712 4023 1767 4077 11
1811 4040 1865 4093 p.
1886 4029 2009 4091 7⁰83
2054 4022 2107 4079 S.
2132 4024 2339 4079 Eitrem
2376 4025 2607 4079 Hermes

354 4108 473 4162 und
516 4109 604 4163 die
645 4110 816 4164 Toten
855 4127 908 4178 p.
931 4114 994 4164 63
1036 4108 1507 4179 (Forhandlinyer
1543 4108 2209 4178 Videnskabs-Selskabet,
2258 4108 2607 4165 Christiania

356 4193 479 4248 Aar
516 4198 646 4250 1909
681 4210 768 4249 no.
795 4196 868 4264 5).

525 4281 571 4349 ²)
617 4279 701 4334 De
742 4279 910 4335 lactei
953 4280 1100 4336 orbis
1143 4280 1345 4336 tabulis
1389 4278 1715 4349 quibusdam
1760 4278 1924 4348 pictis
1966 4278 2036 4334 cf.
2076 4280 2139 4335 G.
2165 4278 2359 4335 Thiele
2402 4277 2607 4334 Antike

357 4363 804 4419 Himmelsbilcler
835 4382 890 4435 p.
914 4371 1024 4420 148.

433 4634 449 4737 1
