3251 5125
2478 412 2554 471 13

301 581 464 644 Dein
523 600 654 644 eum
712 585 897 644 veluti
954 583 1028 644 ab
1087 585 1297 645 exsilio
1349 583 1650 644 redierunt
1701 586 1763 643 in
1804 586 2053 661 patriam
2097 582 2441 660 gaudiorum
2486 603 2557 643 ac

301 689 677 763 voluptatum
719 688 1038 764 participes
1081 687 1243 746 fiunt.
1313 689 1530 746 Multas
1574 691 1769 747 autem
1807 706 1960 763 quae
1999 705 2127 748 eam
2166 691 2374 763 petunt
2411 689 2558 746 luna

301 807 534 849 rursum
589 790 871 863 detrudit,
931 791 1086 849 aliae
1138 808 1269 849 cum
1321 808 1520 850 amore
1575 792 1899 849 exarserint
1950 808 2144 850 rerum
2196 794 2557 850 terrenarum

305 891 501 951 denuo
563 891 907 951 deferuntur
963 893 1025 951 in
1079 892 1461 968 profundum,
1519 895 1675 952 aliae
1728 895 1789 951 in
1841 893 2035 952 lunari
2088 893 2309 952 circulo
2362 909 2557 954 corro-

302 993 551 1053 boratae
596 993 824 1054 solidae
861 994 1006 1054 fiunt
1043 1013 1114 1054 ac
1152 995 1494 1071 perlucidae
1532 973 1799 1070 (ἀκτῖνι
1819 988 1944 1077 τὴν
1985 989 2151 1116 ὄψιςν
2188 990 2497 1069 ἐοικυῖαι)
2512 991 2559 1058 ¹)

303 1101 372 1156 ut
424 1099 737 1156 sustentari
788 1098 1015 1174 possint
1067 1102 1257 1156 terrae
1311 1096 1785 1157 exhalationibus
1838 1086 2039 1176 (ὥσθ’
2080 1089 2222 1158 ὑπὸ
2275 1096 2396 1178 τῆς
2447 1117 2558 1158 τυ-

302 1191 550 1282 χούσης
594 1193 1110 1280 ἀναθυμιάσεως
1152 1197 1562 1280 τρέφεσθαι).

483 1319 531 1360 c.
562 1303 640 1360 29
686 1320 744 1378 p.
778 1302 900 1360 943
923 1303 973 1360 Ε
997 1319 1100 1362 ss.:
1146 1302 1235 1360 Ibi
1279 1307 1606 1377 agnoscunt
1650 1304 2009 1378 singularem
2053 1304 2230 1362 lunae
2274 1305 2559 1361 naturam.

304 1403 478 1462 Luna
551 1404 706 1462 enim
778 1406 961 1463 multo
1036 1380 1220 1463 maior
1289 1422 1462 1478 quam
1529 1404 1743 1464 docent
1808 1406 2092 1480 astrologi
2159 1405 2408 1464 mixtura
2474 1407 2561 1463 est

305 1497 539 1566 stellae'
575 1524 647 1566 ac
698 1511 890 1566 terrae
943 1497 1119 1582 (οἷον
1172 1495 1422 1587 ἄστρου
1480 1498 1829 1589 σύγκραμα
1880 1504 1993 1567 καὶ
2039 1507 2196 1589 γῆς).
2283 1502 2592 1567 Pervolat

304 1613 503 1668 terrae
559 1609 822 1668 umbram
881 1628 1054 1685 quam
1113 1611 1414 1670 celerrime
1469 1612 1608 1684 quia
1662 1611 1889 1669 animae
1944 1628 2071 1669 eam
2121 1611 2449 1669 incolentes
2499 1611 2560 1668 in

305 1711 566 1770 tenebris
619 1697 739 1771 non
789 1713 906 1771 iam
959 1713 1291 1788 percipiunt
1344 1714 1498 1771 caeli
1551 1717 1899 1771 concentum
1949 1700 2203 1789 (ου’κέτι
2248 1707 2374 1793 γὰρ
2421 1709 2565 1790 ἐξα-

307 1806 632 1876 κούουσιν
680 1811 754 1876 ἐν
797 1815 876 1894 τῇ
922 1813 1076 1900 σκιᾷ
1122 1807 1470 1895 γενόμεναι
1515 1814 1633 1898 τῆς
1671 1813 1824 1894 περὶ
1863 1807 1989 1876 τὸν
2028 1803 2325 1895 οὐρανὸν
2364 1808 2563 1894 ἁρμο-

308 1913 510 1991 νὶας);
580 1934 686 1976 eae
752 1921 945 1976 autem
1012 1918 1241 1977 animae
1309 1935 1460 1992 quae
1520 1919 1580 1975 in
1639 1917 1730 1976 his
1789 1918 2043 1976 tenebris
2101 1919 2270 1976 luant
2325 1935 2564 1992 poenas,

306 2025 714 2096 proterrentur
784 2019 937 2080 facie
1010 2022 1189 2079 lunae
1262 2021 1433 2080 tristi.
1548 2018 1678 2090 Quo
1753 2023 1887 2080 loco
1953 2020 2301 2080 Plutarchus
2368 2024 2566 2095 captat

309 2125 678 2182 occasionem
733 2123 1076 2199 explicandi
1125 2124 1402 2198 quidnam
1446 2142 1511 2182 re
1556 2142 1699 2182 vera
1744 2126 1820 2182 sit
1862 2126 2040 2184 lunae
2084 2123 2279 2183 facies.
2366 2124 2567 2199 Pergit

312 2227 498 2284 enim:
551 2226 614 2284 id
665 2227 825 2301 quod
878 2243 984 2285 nos
1037 2225 1429 2301 significamus
1481 2227 1663 2284 lunae
1716 2226 1925 2286 faciem
1978 2244 2042 2285 re
2094 2244 2236 2285 vera
2288 2230 2422 2285 sunt
2468 2244 2563 2285 ca-

309 2345 531 2388 vernae
588 2330 649 2387 in
707 2330 828 2388 eius
892 2327 1196 2405 superficie
1256 2331 1418 2388 sitae.
1521 2327 1781 2399 Quarum
1839 2330 1902 2386 in
1962 2330 2213 2387 maxima
2271 2345 2421 2403 quae
2477 2333 2564 2387 est

311 2433 566 2491 Hecates
618 2433 833 2492 iudicia
884 2432 1030 2491 fiunt
1083 2433 1155 2492 de
1210 2432 1587 2494 daemonibus
1642 2435 1677 2490 i.
1709 2451 1757 2492 e.
1809 2435 2017 2491 animis
2073 2434 2403 2504 lunaribus3
2457 2451 2565 2509 per

312 2533 459 2595 duas
525 2539 717 2595 autem
783 2537 932 2595 alias
998 2536 1463 2595 transmittuntur
1528 2537 1758 2594 animae
1826 2541 1885 2594 et
1950 2537 2008 2593 in
2073 2541 2270 2612 partes
2329 2537 2565 2595 lunares

309 2640 505 2696 terrae
564 2638 841 2697 obversas
901 2642 959 2697 et
1015 2639 1076 2695 in
1131 2639 1308 2696 lunae
1359 2638 1630 2713 regiones
1684 2654 1835 2713 quae
1888 2638 1963 2696 ad
2017 2640 2247 2697 caelum
2301 2643 2568 2714 spectant

313 2741 374 2799 et
430 2741 811 2816 appellantur
863 2740 1102 2813 Elysius
1160 2757 1398 2815 campus
1457 2728 1884 2819 (ὀνομάζεται
1945 2737 2015 2802 δὲ
2075 2733 2157 2801 τὰ
2213 2760 2336 2821 μεν
2392 2734 2564 2822 πρὸς

314 2836 618 2921 ου’ρανόν
655 2842 772 2923 τῆς
811 2835 1090 2924 σελήνης
1129 2836 1432 2903 Ἠλύσιον
1469 2840 1731 2945 πεδίον,
1772 2862 1858 2902 τα
1899 2840 1958 2904 d'
1988 2840 2289 2904 ἐνταῦθα
2322 2844 2560 2924 Φερσε-

315 2936 528 3027 φόνης
574 2938 1024 3024 αντίχθονος)
1035 2940 1085 3008 2)

314 3124 498 3178 regem
535 3110 889 3180 reginamque
926 3109 1138 3178 factis).
1177 3107 1463 3176 λειμῶνάς
1491 3111 1602 3180 τ(ε)
1636 3106 1825 3181 ἱεροῦς
1854 3104 2006 3166 κατά
2038 3112 2094 3164 τ’
2128 3105 2310 3165 ἄλσεα
2344 3112 2563 3182 Φερσε-

315 3193 552 3263 φονείας
597 3194 667 3249 cf.
711 3194 963 3249 Proclum
1006 3196 1060 3248 in
1106 3196 1241 3249 Plat.
1285 3211 1454 3264 remp.
1492 3196 1546 3249 11
1589 3212 1643 3263 p.
1672 3202 1769 3251 340
1807 3196 1988 3264 Kroll‚
2039 3198 2229 3266 fragm.
2260 3202 2354 3251 154
2389 3197 2561 3253 Abel:

317 3275 381 3335 ἐν
437 3284 598 3353 καλῷ
658 3283 894 3347 λειμῶνι
951 3277 1295 3351 βαθύρροον
1354 3276 1498 3350 ἄμφ’
1555 3275 1864 3352 Ἀχέροντα.
1960 3284 2021 3338 In
2082 3284 2313 3353 Vergilii
2368 3285 2567 3353 necyia

317 3381 457 3433 quae
502 3366 866 3422 Posidoniana
910 3369 1116 3435 repetit
1158 3368 1405 3435 (Norden
1450 3369 1600 3437 Very.
1634 3371 1770 3422 Aen.
1804 3368 1886 3424 VI
1893 3373 1915 3403 ²
1958 3386 2011 3439 p.
2038 3374 2103 3423 23
2122 3370 2220 3437 se.)
2262 3370 2427 3424 sedes
2470 3369 2564 3424 ubi

315 3452 524 3506 animae
567 3453 800 3507 reditum
845 3461 1040 3521 parant
1080 3453 1135 3506 in
1172 3454 1374 3522 lucem,
1417 3453 1722 3522 appellatur
1760 3456 1929 3523 „aeris
1965 3456 2191 3523 campi“‚
2236 3455 2563 3510 Plutarchus

315 3545 472 3592 amat.
507 3554 626 3606 cap.
648 3543 711 3591 20
747 3555 802 3606 p.
824 3543 920 3592 766
941 3538 985 3591 Β
1020 3539 1282 3607 cognovit
1311 3540 1470 3593 etiam
1509 3536 1660 3592 Σελ
1630 3558 1766 3609 ηνης
1795 3542 1891 3594 καὶ
1924 3531 2250 3610 Ἀφροδίτης
2279 3544 2564 3608 λειμῶνας

317 3624 469 3693 quod
503 3624 650 3678 idem
684 3624 755 3677 ad
784 3624 1048 3692 Orphicos
1072 3640 1174 3679 nos
1206 3631 1430 3679 revoca-t
1462 3624 1531 3678 cf.
1557 3625 1807 3679 Roseher
1838 3626 2025 3680 Selene
2056 3643 2109 3694 p.
2132 3631 2194 3680 83
2229 3627 2414 3681 adnot
2436 3630 2562 3695 3263

319 3710 666 3777 „Animarum
709 3712 896 3779 prata“
941 3712 1148 3779 reperis
1195 3712 1356 3764 etiam
1398 3712 1544 3779 apud
1581 3711 1880 3766 Germanos
1923 3712 1992 3766 cf.
2027 3712 2348 3767 Mannhardt
2384 3711 2563 3767 Germ.

315 3794 548 3864 Myihen
583 3812 634 3863 p.
663 3801 763 3849 444
782 3811 852 3849 ss‚

489 3881 531 3948 ¹)
577 3881 660 3935 Cf.
707 3896 772 3936 ea
817 3896 958 3950 quae
1005 3882 1075 3935 de
1120 3881 1402 3938 beatorum
1444 3883 1632 3951 specie
1675 3884 1730 3937 in
1773 3884 1923 3938 Petri
1965 3883 2287 3953 apocalypsi
2331 3883 2567 3952 legenda

317 3971 445 4022 nunt
474 3967 643 4035 (Petr.
671 3965 878 4035 apocal.
912 3967 998 4021 ed.
1029 3968 1091 4021 E.
1112 3968 1545 4038 Klostermann2,
1576 3969 1915 4039 Apocrypha
1944 3970 1973 4024 1
2004 3970 2158 4024 Bonn
2187 3975 2315 4025 1908
2343 3968 2567 4040 [Kleine

324 4052 490 4105 Teoete
522 4051 620 4121 fier
654 4052 1018 4121 Vorlesunyen
1050 4054 1166 4107 und
1211 4042 1474 4123 Ubunyen
1510 4054 1587 4108 ed.
1623 4054 1750 4109 Joa.
1780 4056 2189 4126 Lietzmann³])
2225 4072 2276 4110 v.
2299 4062 2352 4110 7:
2402 4050 2565 4127 ἐξήρ-

317 4138 513 4207 [χ]ετο
552 4132 664 4207 γὰρ
702 4130 817 4190 dud
853 4142 953 4206 τῆς
991 4130 1190 4207 ὂψεως
1226 4129 1419 4193 αὐτῶν
1455 4129 1616 4193 οἷκτὶν
1654 4138 1732 4203 ὡς
1766 4134 1933 4210 ἡλίου
1970 4158 2021 4195 v.
2045 4141 2165 4194 infr.
2201 4158 2254 4209 p.
2277 4145 2341 4195 34
2373 4142 2492 4195 adn.
2516 4145 2563 4196 2.

487 4226 534 4291 2)
576 4222 657 4277 cf.
696 4222 957 4292 Porphyr.
1001 4239 1087 4293 ap.
1124 4223 1279 4279 Stob.
1316 4226 1493 4294 eclog.
1529 4225 1691 4293 phys,
1728 4226 1754 4279 1
1789 4231 1872 4295 49,
1899 4231 1958 4280 61
2002 4226 2079 4297 [p.
2103 4232 2202 4283 448
2238 4226 2564 4297 Wachsm.]:

299 4300 491 4385 ,πάλιν
518 4303 930 4375 αἰνιττόμενος,
965 4300 1056 4364 ὅτι
1081 4316 1206 4374 ταῖς
1230 4317 1348 4365 τῶν
1375 4305 1634 4381 εὐσεβῶς
1656 4307 2030 4382 βεβιωκότων
2055 4318 2263 4382 ψυχαῖς
2284 4308 2435 4378 μετοὲ
2458 4308 2566 4383 τήν

317 4390 592 4465 τελευτὴν
638 4388 855 4458 οἰκεῖός
900 4390 1022 4451 ἐστι
1071 4391 1250 4462 τόπος
1296 4392 1326 4451 ὁ
1374 4400 1506 4469 περὶ
1550 4394 1660 4468 τὴν
1698 4395 1956 4469 σελήνην,
2003 4442 2015 4454 .
2054 4441 2066 4455 .
2105 4442 2118 4453 .
2161 4391 2424 4455 Ἠλύσιον
2457 4396 2567 4469 μὲν
