3251 5125
2469 406 2559 531 ⁴·’7

278 576 454 634 Plat.
494 553 674 652 renip.
715 577 918 634 11119
965 575 1166 650 Kroll,
1221 576 1370 634 Voss
1414 577 1517 633 l.l.
1563 593 1619 651 p.
1653 575 1734 634 58
1779 574 1983 652 fragm.
2014 575 2091 634 41
2142 575 2375 638 Suid'as:
2422 595 2466 637 s.
2496 596 2551 638 v.

279 665 803 758 Ἑμπεδότιμος;
855 679 1007 737 Voss
1057 696 1115 755 p.
1149 679 1254 754 60,
1307 678 1503 738 Maass
1551 677 1816 752 Orpheus
1867 696 1923 754 p.
1954 678 2078 737 225
2102 695 2176 738 ss.
2220 680 2321 755 qui
2364 679 2549 738 Hera-

278 780 474 840 clidis
518 780 660 840 dicit
703 780 1003 855 dialogum
1042 781 1366 839 Varronem
1409 781 1695 841 imitatum
1742 798 1868 841 esse
1912 781 1976 840 in
2022 779 2363 863 Τριοδίτης
2410 783 2548 862 Τρι-

275 874 543 956 πύλιος
588 883 667 958 (p.
699 883 823 941 224
868 882 1065 942 adnot.
1097 883 1202 960 25)
1249 881 1323 942 cf.
1360 883 1684 942 Varronem
1730 883 1847 942 Sat.
1886 884 2141 960 Menipp.
2185 885 2291 942 rel.
2335 901 2392 959 p.
2424 884 2547 943 233

276 986 490 1044 Riese.
555 986 636 1044 Ut
673 984 746 1045 de
784 987 930 1045 luna
969 1003 1038 1046 ac
1075 986 1264 1045 stellis
1302 985 1624 1044 animarum
1664 984 1902 1045 sedibus
1938 987 2021 1044 ita
2060 989 2118 1045 et
2153 985 2299 1047 haec
2329 985 2549 1060 Pytha-

274 1105 607 1164 goreorum
665 1088 1013 1148 sententiam
1072 1087 1388 1148 cohaerere
1445 1092 1710 1164 apertum
1770 1091 1858 1150 est
1914 1107 2045 1149 cum
2104 1089 2548 1165 cogitationibus

275 1207 445 1267 quas
497 1191 538 1248 ii
591 1191 827 1251 omnino
881 1191 994 1250 sibi
1043 1189 1334 1250 finxerunt
1379 1190 1452 1250 de
1497 1192 1725 1250 animae
1770 1195 1979 1251 natura
2023 1196 2081 1250 et
2125 1190 2203 1250 ad
2245 1193 2549 1268 superiora

273 1310 562 1354 ascensu.
650 1295 934 1353 Docuisse
989 1295 1142 1353 enim
1195 1295 1310 1353 iam
1364 1312 1540 1370 supra
1591 1294 1849 1356 breviter
1897 1295 2065 1369 attigi
2108 1296 2186 1370 (p.
2221 1293 2283 1370 7)
2324 1295 2545 1354 animas

272 1399 433 1474 post
484 1401 726 1456 mortem
777 1398 838 1455 in
892 1414 1026 1456 aere
1081 1396 1315 1455 vibrare
1367 1413 1582 1472 easque
1628 1415 1755 1456 esse
1799 1398 2163 1472 pulvisculos
2207 1398 2429 1456 solares
2472 1396 2547 1456 cf.

272 1500 544 1560 Aristot.
592 1497 666 1559 de
710 1501 882 1558 anim.
922 1500 980 1558 A
1006 1501 1042 1556 2
1087 1518 1142 1575 p.
1174 1499 1301 1558 404
1326 1518 1361 1557 a
1385 1501 1486 1572 16,
1539 1500 1707 1558 Diels
1747 1499 1908 1559 Vors.
1947 1499 2013 1556 1³
2056 1517 2113 1575 p.
2144 1499 2285 1559 357.
2372 1501 2545 1561 Ratio

274 1612 508 1674 autem,
554 1619 704 1678 quae
750 1601 1115 1662 intercedere
1163 1601 1391 1662 videtur
1435 1604 1586 1662 inter
1629 1604 1885 1662 lacteum
1929 1603 2127 1662 orbem
2173 1607 2232 1662 et
2276 1603 2543 1678 animam,

273 1709 383 1765 est
444 1703 614 1764 haec:
676 1705 898 1764 animas
957 1706 1018 1762 in
1077 1722 1212 1764 aere
1271 1706 1587 1765 volitantes
1644 1706 1988 1780 conglobari
2040 1706 2101 1763 in
2152 1706 2347 1765 lacteo
2401 1706 2542 1766 orbe

272 1807 548 1883 indeque
603 1806 800 1867 delabi
844 1809 904 1866 in
949 1825 1133 1867 novos
1177 1812 1395 1883 partus.
1483 1807 1599 1867 Sed
1645 1808 2004 1884 Pythagorei
2045 1810 2297 1867 lacteum
2343 1809 2542 1868 orbem

270 1929 412 1970 non
477 1909 648 1968 modo
714 1909 789 1968 ad
854 1914 1082 1985 partum
1142 1927 1342 1969 verum
1405 1912 1580 1970 etiam
1638 1910 1713 1969 ad
1773 1911 2001 1970 caelum
2061 1911 2215 1968 viam
2273 1909 2543 1969 videntur

272 2011 672 2090 significasse.
759 2013 936 2088 Legis
989 2013 1140 2071 enim
1192 2013 1252 2071 in
1306 2012 1509 2073 eodem
1560 2013 1898 2073 Heraclidis
1952 2013 2213 2089 dialogo:
2265 2004 2540 2086 τούτοις

273 2112 405 2177 καὶ
459 2123 601 2188 τοῖς
653 2108 990 2188 τοιούτοις
1044 2111 1171 2194 τήν
1223 2113 1375 2194 περὶ
1429 2115 1554 2178 τοῦ
1608 2110 1957 2199 γάλακτος,
1994 2107 2327 2177 ὑπόθεσιν
2378 2103 2539 2195 Ἀρι-

275 2214 654 2290 στοτέλους
722 2211 981 2279 ἀνελών
1045 2216 1270 2289 καλῶς
1336 2211 1373 2280 ὁ
1436 2213 1813 2298 Δαμάσκιος
1875 2211 2000 2302 τὴν
2061 2212 2539 2298 Ἐμπεδοτὶμου

273 2317 445 2401 περὶ
518 2319 642 2381 τοῦ
715 2312 1050 2401 γάλακτος
1123 2316 1522 2396 οἰκειοῦται,
1599 2313 1799 2401 ἔργον
1871 2308 2084 2401 αὐτὴν
2156 2317 2241 2383 οὓ
2309 2319 2539 2400 μῦθον

272 2423 542 2485 καλῶν.
604 2419 765 2504 φησὶ
825 2415 949 2503 γὰρ
1003 2418 1259 2496 ἐκεῖνος
1312 2413 1476 2485 ὁδὸν
1531 2415 1700 2484 εἶναι
1754 2423 1991 2504 ψυχῶν
2043 2419 2122 2485 τὸ
2179 2415 2347 2504 γάλα
2396 2423 2540 2484 τῶν

273 2515 412 2589 τὸν
463 2511 693 2607 Ἅιδην
759 2518 882 2587 τὸν
949 2521 1022 2587 ἐν
1089 2515 1359 2608 οὐρανῷ
1419 2521 2029 2608 διαπορευομένων.
2128 2527 2399 2587 Damasc.
2444 2545 2539 2604 ap.

273 2629 521 2705 Philop.
586 2629 646 2687 in
712 2629 948 2688 Aristot.
1009 2633 1244 2689 meteor.
1305 2631 1362 2692 A
1394 2632 1432 2689 8
1498 2650 1555 2707 p.
1590 2629 1712 2689 346
1738 2649 1773 2688 a
1798 2631 1873 2689 31
1938 2630 2231 2705 Hayduck
2294 2629 2536 2707 [Comm.

273 2733 470 2793 Arist.
518 2730 722 2792 Graec.
767 2732 906 2790 XIV
942 2734 968 2790 1
1034 2751 1089 2807 p.
1128 2733 1273 2809 117]
1334 2733 1406 2793 cf.
1450 2732 1693 2793 Lobeck
1751 2731 1891 2808 Ayl.
1931 2734 1989 2792 II
2042 2751 2098 2809 p.
2131 2734 2279 2806 9353
2338 2732 2536 2809 Bergk

272 2836 502 2895 Kleine
526 2834 957 2909 philoloyische
995 2834 1296 2909 Schriften
1334 2837 1389 2894 11
1427 2854 1482 2911 p.
1505 2838 1653 2908 7073
1700 2838 1848 2895 Voss
1885 2838 1925 2894 l.
1949 2838 1988 2895 1.
2030 2856 2085 2912 p.
2112 2838 2209 2895 58.
2282 2837 2537 2896 Posteri-

275 2956 451 2998 orum
503 2935 659 2995 hanc
703 2938 1054 2996 sententiam
1100 2938 1338 3014 agnovit
1383 2939 1699 3012 LucianuS,
1754 2956 1973 2998 encom.
2014 2941 2178 2998 Dem.
2221 2939 2331 2999 50:
2386 2927 2539 3000 ἀλλ’

274 3031 314 3103 ὁ
380 3036 506 3120 μὲν
565 3035 814 3119 οἴχεται
871 3036 1023 3115 βίον
1085 3032 1254 3117 ἕξων
1312 3034 1440 3102 τὸν
1498 3036 1570 3102 ἐν
1625 3033 1951 3121 μακάρων
2009 3034 2237 3120 νήσοις
2289 3033 2533 3125 ἡρώων

273 3136 650 3223 λεγόμενον
704 3130 745 3222 ἢ
791 3130 908 3213 τὰς
952 3138 1043 3214 εἰς
1088 3134 1390 3221 ου’ρανόν
1439 3151 1683 3222 ψυχαῖς
1729 3141 2164 3223 νομιζομένας
2209 3136 2415 3216 ὁδούς
2460 3143 2533 3203 cf.

275 3245 540 3305 Drexler
596 3244 1004 3304 Wochenschr.
1047 3244 1226 3303 klass.
1255 3245 1483 3313 philol.
1529 3246 1692 3303 1894
1746 3263 1839 3304 no.
1872 3248 1950 3303 27
1999 3266 2053 3322 p.
2080 3247 2201 3305 732
2221 3264 2320 3318 ss.;
2372 3247 2535 3323 Ettig

272 3345 686 3406 Aehmtica
737 3364 794 3422 p.
827 3346 952 3405 348
1005 3346 1199 3407 adnot.
1233 3349 1295 3419 2;
1350 3347 1569 3407 Grimm
1621 3349 1700 3407 D.
1730 3348 1819 3407 M.
1863 3350 1989 3409 ΙΙΙ4
2042 3367 2097 3425 p.
2127 3350 2265 3408 106.
2337 3350 2533 3410 Accu-

273 3451 504 3510 ratiora
546 3448 620 3507 de
663 3448 779 3508 hac
822 3450 1113 3509 sententia
1157 3448 1332 3510 hodie
1378 3450 1680 3510 enucleari
1723 3455 2034 3526 nequeunt.
2054 3453 2097 3527 1)

271 3650 329 3702 p.
357 3638 426 3687 58
471 3631 657 3686 adnot.
689 3632 762 3701 1):
814 3631 963 3701 Quin
1011 3631 1140 3686 adeo
1188 3631 1512 3686 Heraclides
1557 3632 1709 3701 apud
1756 3632 1980 3687 eundem
2027 3633 2287 3689 Proclum
2333 3638 2533 3689 narrat

273 3716 548 3789 quendam
583 3717 772 3771 vivum
809 3720 1192 3787 venantemque
1224 3734 1395 3786 reqna
1427 3718 1657 3787 inferna
1684 3718 1888 3773 vidisse
1917 3721 2081 3789 (Ang.
2102 3720 2273 3776 Maius
2302 3720 2387 3775 ad.
2418 3720 2529 3775 Cic.

273 3804 347 3859 de
383 3818 502 3872 rep.
522 3802 601 3860 VI
627 3808 658 3857 4
695 3802 864 3857 Class.
900 3807 1043 3857 auct.
1077 3801 1104 3856 1
1146 3819 1201 3871 p.
1229 3804 1377 3871 343);
1423 3802 1495 3858 cf.
1531 3803 1797 3859 lulianum
1841 3820 1926 3874 ap.
1964 3806 2114 3861 Suid.
2151 3809 2219 3876 (s.
2243 3824 2294 3862 v.
2330 3809 2530 3876 Empe·

275 3889 520 3945 dotimus
557 3898 615 3943 et
648 3887 913 3956 Iulianus)
952 3888 1027 3959 [p.
1055 3894 1155 3944 609
1190 3888 1380 3958 fragm.
1407 3894 1438 3944 6
1474 3890 1775 3961 HertleinJ:
1814 3882 2005 3957 Ἡμεῖς
2040 3889 2101 3949 δὲ
2138 3889 2528 3969 Ἐμπεδοτίμῳ

273 3975 372 4029 καὶ
414 3968 738 4048 Πυθαγόρᾳ
773 3968 1161 4039 πιστεύοντες,
1199 3965 1283 4039 οἷς
1318 3992 1381 4029 τε
1420 3971 1655 4029 ἐκεῖθεν
1689 3972 1887 4047 λαβών
1920 3970 2275 4050 Ἡρακλείδης
2310 3972 2343 4034 ὁ
2381 3981 2527 4034 Πον-

274 4055 440 4123 τικὸς
476 4052 585 4128 ἔφη
620 4059 791 4129 (Voss
820 4058 911 4114 l.1.
941 4074 996 4127 p.
1017 4065 1081 4114 60
1112 4059 1301 4128 fragm.
1321 4063 1412 4129 46)
1442 4058 1541 4115 καὶ
1571 4063 1767 4135 μικρῷ
1793 4058 2085 4133 πρότερον
2112 4066 2209 4118 καὶ
2243 4056 2273 4119 ὃ
2306 4062 2529 4131 κλεινὸς

275 4136 415 4213 ἡμῖν
459 4136 640 4209 ἔδειξε
684 4145 781 4199 καὶ
828 4140 1194 4215 ὶεροφάντωρ
1240 4139 1576 4217 Ἰάμβλιχος.
1647 4147 1810 4203 Plura
1851 4149 1993 4205 scire
2030 4150 2102 4205 de
2137 4151 2525 4220 Empedotimo

277 4234 366 4283 est
399 4228 628 4284 ariolari.

451 4314 495 4383 ¹)
531 4314 679 4379 Quas
715 4315 998 4384 opiniones
1034 4332 1206 4385 usque
1241 4317 1312 4371 ad
1347 4317 1582 4373 mediam
1618 4323 1854 4374 aetatem
1888 4320 2241 4390 pervulgatae
2276 4320 2525 4377 videmus

275 4398 347 4454 cf.
396 4400 448 4455 J.
482 4400 543 4456 B.
577 4399 892 4456 Friedreich
943 4400 1058 4456 Die
1110 4401 1444 4472 Weltkorper
1494 4404 1560 4458 in
1611 4404 1764 4461 ihrer
1812 4406 2525 4479 mythisch-eymbolischen
