3251 5125
702 378 782 436 44

869 552 1084 611 Postea
1150 551 1363 610 scimus
1431 547 1663 608 doctum
1731 563 1931 606 omnes
2000 547 2101 618 qui
2148 545 2420 618 patriam
2478 541 2955 600 conservaverint

700 657 1036 716 adiuverint
1078 656 1352 713 auxerint
1387 652 1530 726 (Cic.
1569 668 1751 710 somn.
1790 649 1945 724 Scip.
1980 650 2081 723 13)
2128 665 2369 723 corpore
2412 648 2643 704 laxatos
2683 644 2947 702 incolere

697 761 901 819 beatos
952 760 1204 817 lacteum
1259 756 1482 827 orbem,
1537 753 1610 813 cf.
1658 753 1995 814 Ciceronem
2045 769 2226 811 somn.
2267 750 2418 826 Scip.
2466 766 2513 808 c.
2548 751 2650 806 16:
2708 767 2778 807 ea
2819 751 2949 806 vita

695 865 795 921 via
841 866 929 920 est
969 863 1034 919 in
1078 860 1304 918 caelum
1351 862 1408 916 et
1447 861 1512 916 in
1556 857 1711 915 hwnc
1755 859 1979 914 coetwm
2026 870 2237 921 corum,
2286 855 2387 926 qui
2422 855 2546 911 iam
2581 855 2852 913 vixerunt
2892 856 2952 908 et

698 982 934 1040 corpore
983 965 1173 1024 laxati
1214 964 1384 1022 illum
1428 963 1698 1021 incolunt
1743 961 1953 1030 locum,
2000 975 2169 1032 quem
2212 958 2397 1028 vides,
2448 959 2609 1032 (crat
2650 960 2847 1023 autem
2892 958 2947 1014 is

694 1068 1169 1141 splendidissimo
1231 1065 1484 1124 candore
1537 1066 1693 1122 inter
1740 1064 2014 1134 flammas
2068 1063 2255 1120 circus
2308 1061 2567 1135 elucens)
2614 1075 2783 1132 quem
2824 1077 2947 1129 voe,

693 1176 764 1230 ut
829 1189 868 1229 a
936 1167 1140 1228 Graiis
1208 1169 1537 1241 accepistis,
1614 1167 1808 1227 orbem
1878 1165 2128 1224 lacteum
2192 1165 2563 1236 nuncupatis.
2580 1162 2625 1238 1)
2736 1163 2945 1222 Statim

693 1389 1017 1458 Bedeutuny
1054 1393 1186 1444 1864
1221 1405 1275 1456 p.
1302 1392 1416 1442 206.
1488 1387 1663 1442 Eliam
1700 1390 1757 1440 et
1791 1385 2114 1440 Henochum
2150 1385 2329 1451 lacteo
2366 1385 2501 1440 orbe
2537 1384 2851 1441 ascendisse
2887 1386 2945 1440 in

695 1475 903 1532 caelum
957 1479 1139 1529 narrat
1189 1473 1448 1528 Paulinus
1500 1472 1747 1528 Nolanus
1807 1487 1966 1526 carm.
1992 1470 2045 1526 V
2071 1475 2133 1524 37
2149 1487 2219 1525 ss.
2276 1471 2460 1541 [corp.
2508 1471 2693 1540 script.
2743 1471 2945 1526 eccles.

693 1563 809 1616 Lat.
847 1561 954 1616 vol.
979 1559 1135 1614 XXX
1177 1574 1304 1628 pars
1338 1559 1391 1612 II
1436 1575 1490 1627 p.
1518 1558 1599 1628 5]:

991 1672 1178 1742 pande
1211 1673 1375 1740 viam,
1413 1688 1552 1741 quae
1585 1687 1669 1726 me
1696 1675 1825 1740 post
1860 1671 2083 1726 vincula
2117 1672 2363 1740 corporis
2398 1673 2553 1741 aeyri

997 1761 1062 1814 in
1097 1759 1324 1814 sublime
1357 1759 1518 1827 ferat,
1549 1757 1690 1826 puri
1724 1772 1835 1825 qua
1870 1757 2042 1810 lactea
2078 1756 2214 1810 caeli

997 1847 1192 1898 semita
1228 1847 1478 1899 ventosae
1511 1847 1739 1912 superat
1772 1861 1915 1913 vaya
1949 1843 2143 1897 nubila
2179 1844 2341 1897 lunae

999 1947 1109 1999 qua
1136 1947 1390 1999 proceres
1425 1930 1605 1983 abiere
1633 1930 1727 1997 pii
1763 1937 1973 1997 quaque
2008 1929 2219 1998 inteyer
2253 1929 2384 1983 olim

997 2019 1193 2086 raptus
1228 2015 1560 2084 quadriiuqo
1588 2018 1845 2084 penetrat
1879 2030 2043 2084 super
2076 2031 2206 2069 aera
2242 2032 2411 2069 curru

999 2103 1162 2156 Elias
1198 2107 1248 2157 et
1282 2102 1456 2158 solido
1494 2121 1615 2157 cum
1651 2120 1871 2172 corpore
1897 2104 2169 2172 praeuius
2204 2101 2415 2156 Enoch.

689 2215 769 2270 Cf.
805 2215 1063 2269 Dracont.
1101 2231 1260 2270 carm.
1288 2216 1337 2269 V
1365 2220 1461 2268 325
1481 2232 1552 2269 ss.
1593 2216 1760 2285 [Mon.
1786 2216 1966 2270 Germ.
1998 2221 2139 2270 auct.
2172 2217 2375 2284 antiqu.
2406 2221 2537 2272 tom.
2560 2214 2693 2273 XIV
2721 2234 2777 2286 p.
2800 2216 2941 2286 148],

690 2300 906 2355 Gundel
954 2300 988 2354 l.
1014 2300 1048 2354 l.
1093 2318 1146 2370 p.
1176 2306 1290 2355 245.
1376 2304 1448 2354 Et
1494 2301 1647 2370 apud
1694 2301 1826 2355 alias
1874 2306 2067 2370 gentes
2112 2317 2220 2357 non
2268 2301 2552 2357 dissimilia
2596 2303 2943 2373 reperiuntur

689 2387 794 2440 vel.
825 2401 910 2455 ap.
942 2385 1111 2441 Indos
1148 2385 1214 2440 cf.
1243 2386 1584 2455 Adelphium
1620 2387 1803 2441 Pictet
1837 2387 1943 2440 Les
1979 2387 2221 2456 oriyines
2255 2387 2793 2456 indo-europeennes
2825 2387 2941 2442 111²

688 2488 740 2540 p.
769 2475 894 2536 32e;
947 2486 1033 2541 ap.
1066 2472 1366 2527 Germanos
1401 2472 1727 2526 Mannhardt
1764 2471 1943 2526 Germ.
1970 2471 2199 2541 Mythen
2238 2489 2290 2540 p.
2313 2477 2434 2541 7293
2484 2489 2569 2543 ap.
2602 2473 2797 2529 Slavos
2833 2473 2941 2528 lac·

688 2566 810 2615 teus
855 2559 1003 2616 orbis
1047 2558 1354 2630 appellatur
1395 2559 1611 2627 „hadak
1653 2561 1811 2629 utja“
1856 2555 1985 2627 (1ο.
2030 2561 2274 2628 gentium
2316 2561 2429 2629 via)
2477 2576 2585 2630 qua
2629 2561 2837 2617 animae
2882 2562 2939 2616 in

689 2646 898 2699 caelum
944 2646 1175 2713 migrant
1229 2644 1299 2699 cf.
1343 2645 1632 2700 Kohlbach
1684 2646 1890 2699 Archiv
1934 2647 1976 2714 f.
2012 2645 2604 2717 Religionswissensch.
2643 2647 2699 2699 II
2738 2651 2867 2702 1899
2906 2655 2937 2702 4

686 2747 740 2799 p.
768 2735 894 2799 3433
947 2732 1006 2785 P.
1040 2730 1108 2784 D.
1139 2730 1439 2800 Chantepie
1494 2731 1564 2785 de
1617 2731 1671 2785 la
1717 2731 1986 2801 Saussaye
2033 2731 2227 2785 Lchrb.
2266 2732 2315 2785 d.
2352 2732 2812 2801 Religionsyesch.
2850 2732 2938 2785 112

686 2833 740 2886 p.
767 2820 895 2881 472;
943 2817 1034 2871 Gr.
1059 2816 1215 2871 Krek
1257 2816 1592 2886 Einleitunq
1625 2817 1689 2870 in
1725 2817 1813 2871 die
1846 2817 2112 2871 slavische
2146 2817 2767 2887 Literaturyeschichtc2
2806 2822 2936 2872 1887

685 2919 736 2971 p.
759 2906 876 2971 423,
913 2901 1132 2957 Gundel
1167 2901 1256 2956 l.l.
1295 2918 1348 2971 p.
1371 2907 1468 2957 245
1506 2902 1690 2957 adnot.
1715 2908 1769 2968 13
1805 2904 1953 2972 apud
1988 2904 2277 2959 nonnullas
2311 2904 2599 2959 Americae
2634 2910 2827 2974 gentes
2864 2905 2937 2959 cf.

685 2989 744 3042 P.
771 2988 980 3043 Lafitau
1025 2989 1235 3042 Moears
1282 2988 1371 3043 des
1406 2989 1687 3059 Sauvayes
1720 2990 2117 3057 Ame'riquains
2164 2990 2253 3044 des
2289 2992 2557 3057 premiere
2593 2995 2763 3059 temps
2805 2996 2936 3045 1724

684 3080 815 3129 tom.
850 3074 876 3128 1
927 3091 982 3143 p.
1015 3079 1142 3142 406;
1205 3075 1272 3129 A.
1305 3073 1839 3143 Bouche-Leclercq
1893 3074 2223 3145 l'astroloyie
2277 3074 2541 3143 Grecque,
2601 3076 2755 3131 Paris
2803 3080 2937 3131 1899

684 3178 738 3229 p.
764 3163 829 3215 22
866 3159 1052 3214 adnot.
1079 3164 1136 3228 2;
1174 3160 1348 3229 Tylor
1382 3160 1644 3229 Anfc'tnye
1680 3160 1775 3214 der
1803 3160 2017 3215 Kultur
2048 3161 2073 3214 I
2109 3177 2163 3229 p.
2186 3164 2312 3229 3533
2351 3160 2630 3216 Dieterich
2666 3159 2937 3216 Mithrae-

685 3245 945 3315 liturqie²
979 3262 1034 3314 p.
1057 3250 1170 3301 182.

857 3350 900 3418 1)
936 3348 1016 3404 Of.
1049 3350 1350 3405 Favonium
1380 3351 1695 3420 Eulogium,
1733 3350 1934 3420 disput.
1965 3351 2036 3406 de
2068 3366 2239 3407 somn.
2266 3352 2413 3420 Scip.
2442 3358 2538 3421 p.1
2577 3351 2694 3421 §20
2726 3350 2937 3407 Holder

684 3435 827 3503 quod
861 3438 913 3489 et
947 3435 1276 3491 immortalis
1311 3440 1445 3491 esset
1479 3437 1659 3490 animi
1693 3438 1995 3506 mentisque
2028 3437 2342 3491 substantia
2377 3441 2428 3492 et
2462 3438 2591 3492 bene
2623 3438 2837 3492 meritis
2869 3438 2937 3491 de

683 3538 742 3576 re
779 3520 1054 3591 p(ublica)
1096 3522 1494 3591 pa(t)ri<a>eque
1540 3522 1853 3577 custodibus
1903 3524 2062 3577 lactei
2108 3522 2305 3577 circuli
2356 3523 2539 3591 lucida
2586 3540 2651 3577 ac
2697 3524 2935 3578 candens

683 3606 892 3662 habitio
922 3607 1214 3676 deberetur,
1244 3610 1612 3677 posteriorum
1642 3610 1935 3678 praecipue
1964 3609 2161 3665 addam
2185 3610 2564 3679 Philoponum‚
2600 3610 2671 3665 de
2703 3611 2935 3664 aeterni-

681 3697 796 3747 tate
848 3692 1036 3747 mundi
1080 3693 1188 3748 Vll
1213 3698 1278 3747 20
1333 3693 1410 3763 [p.
1440 3698 1539 3749 290
1583 3694 1790 3765 RabeJ:
1846 3692 1997 3759 τινὲς
2050 3700 2192 3763 γοῦν
2246 3699 2361 3748 τῶν
2407 3696 2539 3764 παρ’
2587 3686 2785 3759 αὐτοῖς
2831 3697 2933 3762 (so.

665 3768 924 3847 ‘'E’Mnot)
984 3772 1290 3847 θεολόγων
1309 3779 1380 3847 (Ῥ)
1437 3781 1535 3834 καὶ
1595 3776 1700 3834 τὸν
1753 3780 2030 3849 γαλαξίαν
2082 3775 2445 3848 καλούμενον
2498 3776 2713 3836 κύκλον
2766 3782 2936 3851 λῆξιν

684 3856 830 3918 εἶναι
877 3862 973 3920 καὶ
1015 3858 1214 3935 χώραν
1261 3871 1462 3935 ψυχῶν
1508 3868 1759 3935 λογικῶν
1804 3860 2193 3936 ἀπεφήναντο.
2263 3867 2415 3922 Haec
2460 3867 2645 3936 opinio
2692 3872 2749 3922 et
2783 3866 2956 3945 apud-

681 3949 832 4005 alias·
859 3956 1054 4019 gentes
1101 3951 1272 4020 vulgo
1320 3966 1508 4021 sparsa
1554 3959 1663 4023 est,
1712 3952 1819 4008 vel.
1866 3952 2015 4021 apud
2059 3952 2395 4021 Patagonios
2443 3953 2587 4007 fama
2636 3957 2721 4007 est
2766 3951 2937 4007 lactei

681 4034 830 4090 orbis
863 4036 1055 4091 stellas
1091 4052 1215 4093 esse
1250 4036 1509 4092 Indianos
1544 4040 1641 4107 qui
1676 4038 1751 4093 ibi
1786 4039 2245 4093 struthocamelos
2278 4045 2546 4094 venantur
2582 4037 2654 4093 cf.
2684 4038 2933 4093 Bastian:

680 4120 1093 4176 Kulturla‘nder
1135 4122 1224 4176 des
1269 4122 1416 4177 alten
1451 4124 1713 4179 Amerilca
1746 4123 1802 4179 11
1841 4141 1897 4194 p.
1924 4130 2050 4193 606;
2096 4124 2372 4180 Schwartz
2405 4123 2689 4180 Poetische
2723 4122 2934 4178 Natur-

680 4206 1106 4279 anschauunycn
1151 4208 1176 4262 Ι
1219 4226 1276 4278 p.
1303 4213 1426 4278 282,
1472 4210 1784 4266 Australiae
1828 4211 2155 4280 quibusdam
2198 4211 2454 4281 gentibus
2489 4211 2544 4264 in
2579 4212 2759 4265 lacteo
2797 4209 2935 4265 orbe

679 4291 935 4347 videntur
971 4308 1093 4349 esse
1128 4310 1288 4349 casae
1325 4296 1633 4365 continuae,
1670 4311 1793 4350 nam
1832 4298 2043 4351 cineres
2080 4302 2136 4350 et
2165 4296 2346 4352 fumus
2372 4311 2605 4367 surgens
2631 4296 2776 4351 clare
2801 4312 2934 4350 con-

677 4379 815 4451 spici
849 4380 1066 4449 possint
1100 4378 1166 4435 cf.
1193 4380 1387 4436 Ratzel
1417 4380 1784 4439 Volkerkunde
1814 4382 1873 4437 Ι3
1901 4398 1954 4451 p.
1976 4387 2091 4443 353.
2144 4382 2266 4438 Far
2295 4382 2382 4438 die
2406 4382 2937 4454 Ginqi-Schwarzen
