3251 5125
1437 1136 1542 1194 111.

752 1293 873 1362 De
925 1293 1194 1364 lacteo
1246 1295 1447 1364 orbe
1498 1295 1971 1365 animarum
2027 1298 2241 1369 sede.

544 1598 642 1658 Ad
692 1601 946 1660 lacteum
990 1600 1214 1674 orbem,
1268 1601 1369 1675 qui
1414 1599 1732 1676 splendore
1779 1600 2029 1660 candido
2076 1618 2145 1660 ac
2191 1602 2459 1661 claritate
2504 1603 2620 1661 iam

369 1704 536 1779 prius
579 1703 832 1762 omnium
871 1704 934 1760 in
971 1720 1036 1762 se
1077 1704 1370 1762 convertit
1406 1704 1627 1776 oculos,
1644 1703 1687 1780 ¹)
1733 1707 2140 1763 annexuerunt
2179 1703 2389 1764 Graeci
2427 1706 2623 1764 varias

371 1804 696 1882 opiniones,
803 1807 927 1864 Nos
995 1806 1068 1864 de
1132 1805 1311 1864 lactei
1377 1806 1533 1865 orbis
1600 1807 1824 1882 origine
1890 1811 1949 1864 et
2013 1812 2284 1865 enarrata
2341 1809 2400 1864 in
2459 1809 2623 1884 vulgi

372 1908 594 1967 fabulis
652 1913 712 1967 et
767 1911 973 1984 postea
1030 1927 1066 1966 a
1123 1907 1492 1984 philosophis
1553 1908 1763 1968 edocta
1777 1910 1827 1983 2)
1886 1910 2199 1968 reticentes
2251 1927 2323 1968 ea
2374 1910 2623 1985 primum

372 2012 729 2086 attingamus
786 2028 937 2085 quae
997 2012 1230 2070 omnino
1291 2030 1326 2068 a
1380 2013 1558 2086 vulgo
1623 2011 1697 2071 de
1756 2013 1879 2072 eius
1936 2016 2146 2095 natura
2202 2012 2459 2087 cogitata
2509 2014 2624 2070 iam

374 2118 700 2173 monstrant
764 2118 822 2173 et
887 2117 1242 2189 praeparant
1307 2114 1655 2173 sententiam
1720 2119 1928 2190 postea
1992 2133 2029 2172 a
2092 2113 2457 2190 philosophis
2526 2133 2625 2174 ex-

375 2218 594 2276 cultam
640 2235 756 2291 qua
801 2216 1227 2275 demonstratur
1272 2217 1526 2275 lacteum
1572 2217 1772 2276 orbem
1819 2235 1945 2276 esse
1991 2218 2312 2276 animarum
2357 2217 2510 2275 viam
2556 2234 2625 2276 ac

377 2318 594 2379 sedem.
701 2319 847 2378 Inde
914 2319 989 2377 ab
1055 2320 1474 2395 antiquissimis
1530 2320 1890 2395 temporibus
1948 2321 2171 2378 lacteus
2231 2320 2387 2378 orbis
2446 2320 2627 2394 vulgo

379 2421 728 2481 credebatur
778 2423 924 2481 solis
976 2423 1074 2479 via
1124 2438 1242 2496 qua
1287 2421 1607 2498 aliquando
1653 2439 1881 2482 cursum
1929 2422 2115 2496 egisse
2160 2420 2359 2480 fertur.
2450 2421 2629 2479 Primi

381 2528 660 2601 quantum
698 2524 962 2584 videmus
1000 2523 1149 2584 haec
1188 2524 1510 2585 docuerunt
1548 2515 1905 2599 Pythagorei
1946 2523 2019 2584 cf.
2050 2525 2183 2584 Aet.
2214 2525 2368 2600 plac.
2397 2523 2486 2582 111
2516 2525 2566 2597 1,
2592 2524 2628 2581 2

381 2630 578 2702 (Diels
617 2630 767 2688 Dox.
805 2647 862 2704 p.
889 2629 1028 2701 364,
1079 2630 1239 2688 Vors.
1279 2630 1344 2686 1³
1386 2648 1443 2705 p.
1475 2628 1649 2704 356):
1695 2628 1839 2689 τῶν
1878 2625 2367 2708 Πυθαγορείων
2408 2622 2472 2687 οἱ
2510 2623 2632 2706 μὲν

383 2726 639 2808 ἔφασαν
703 2725 982 2810 ἀστέρος
1042 2723 1210 2792 εἶναι
1271 2724 1624 2793 διάκαυσιν
1684 2732 1788 2807 [sc.
1841 2723 1965 2813 τὴν
2025 2727 2375 2811 γαλαξίαν]
2438 2724 2632 2789 ἐκπε-

383 2827 624 2906 σόντος
695 2831 820 2913 μὲν
886 2827 1022 2895 ἀπὸ
1088 2834 1203 2917 τῆς
1269 2830 1438 2905 ἰδίας
1506 2827 1728 2913 ἕδρας,
1802 2831 1885 2894 δι’
1951 2821 2032 2893 οὗ
2101 2829 2172 2893 δὲ
2237 2829 2632 2911 περιέδραμε

380 2934 636 3016 χωρίου
717 2935 1146 3015 κυκλοτερῶς
1229 2929 1394 2997 αὐτὸ
1475 2933 2002 3016 περιφλέξαντος
2084 2931 2191 2996 ἐπὶ
2267 2934 2390 2994 tos·
2463 2929 2625 2994 κατέ

392 3037 756 3102 Φαέθοντα
809 3034 1233 3121 ἐμπρησμοῦ·
1291 3036 1364 3101 οἱ
1419 3037 1498 3101 δὲ
1552 3032 1689 3100 τὸν
1742 3031 2077 3119 ἡλιακὸν
2123 3029 2401 3117 ταύτηι
2446 3031 2634 3113 φασὶ

387 3147 563 3205 κατ’
631 3139 864 3224 ἀρχὰς
930 3139 1343 3223 γεγονέναι
1411 3136 1736 3222 δρόμον,
1808 3141 1879 3200 cf.
1937 3142 2181 3200 Aristot.
2234 3144 2469 3199 meteor.
2514 3138 2635 3197 Ae

389 3269 446 3326 p.
479 3249 602 3309 345
626 3268 661 3307 a
688 3249 761 3307 13
786 3266 848 3321 s.‚
891 3248 1060 3306 Diels
1101 3248 1258 3307 Vors.
1298 3248 1402 3305 1.1.
1474 3246 1659 3317 Quam
1700 3246 2046 3303 sententiam
2087 3241 2423 3317 Oenopides
2462 3240 2639 3301 Chius

391 3370 482 3428 ap.
511 3351 915 3426 Achill.1sag.
955 3349 1032 3409 ad
1070 3352 1233 3409 Arat.
1260 3352 1340 3408 24
1379 3368 1435 3425 p.
1461 3348 1558 3421 55,
1583 3350 1659 3407 18
1689 3349 1898 3420 Maass,
1943 3347 2111 3406 Diels
2143 3346 2305 3404 Vors.
2335 3345 2402 3403 1³
2437 3363 2492 3420 p.
2516 3344 2638 3402 298

393 3457 492 3529 (ex
521 3453 860 3530 Posidonio)
899 3455 1206 3529 amplexus
1245 3458 1336 3511 est
1374 3446 1590 3532 ἕτεροι
1630 3447 1703 3511 δέ
1732 3465 1955 3527 φασιν,
1998 3436 2099 3509 ὦν
2129 3444 2270 3509 ἐστι
2298 3444 2411 3507 καὶ
2448 3440 2639 3508 Οἰνο-

393 3556 590 3641 πίδης
635 3552 671 3621 ὁ
725 3558 919 3631 Χῖος,
966 3545 1070 3617 ὅτι
1112 3551 1453 3635 πρότερον
1497 3544 1606 3616 διὰ
1650 3547 1904 3614 τούτου
1949 3553 2054 3628 (sc.
2093 3542 2449 3632 γάλακτος)
2495 3543 2639 3625 ἐφέ-

395 3681 549 3742 ρετο
605 3655 641 3723 ὁ
689 3649 948 3745 {finos-³)
999 3660 1072 3720 of.
1112 3660 1491 3734 Heibergium
1537 3658 1749 3717 Soleus
1792 3656 1969 3716 Bane
2012 3654 2300 3729 (Nordisk
2346 3651 2647 3724 edssmft

394 3770 496 3844 for
529 3761 760 3840 filoloyi
797 3767 834 3824 3
872 3762 1098 3823 raekke
1134 3762 1248 3821 XII
1285 3761 1427 3821 bind
1463 3779 1522 3836 p.
1548 3763 1628 3818 97
1648 3762 1767 3833 ss.).
1837 3758 1961 3817 Alii
1998 3759 2352 3833 putaverunt
2388 3756 2641 3814 lacteum

399 3874 596 3933 orbem
642 3888 770 3930 esse
814 3870 956 3929 solis
1001 3868 1156 3927 viam
1199 3868 1544 3944 perpetuam
1589 3863 1664 3923 cf.
1702 3860 2096 3922 Metrodorum
2134 3858 2341 3920 Chium
2386 3875 2479 3933 ap.
2509 3856 2645 3915 Aet.

574 4132 618 4196 ¹)
653 4127 840 4198 Bergk
873 4125 1077 4181 Kleine
1102 4122 1498 4194 philoloyinche
1532 4120 1815 4190 Schriften
1847 4118 1904 4173 11
1939 4135 1993 4188 p.
2014 4121 2129 4171 708.

399 4216 537 4285 πῃ.
570 4216 617 4283 ²)
651 4214 738 4269 De
779 4212 944 4267 lactei
985 4209 1135 4267 orbis
1169 4206 1631 4279 appellationibus
1674 4204 1742 4261 cf.
1780 4202 2011 4260 Gundel.
2052 4216 2137 4271 ap.
2173 4195 2650 4269 Pauly-wissowa

402 4304 839 4457 ν111’ξ(ξέ6οῥ.
865 4385 1111 4452 Knaaek,
1148 4384 1367 4449 Quaest.
1391 4380 1801 4437 Phaethonteae
1837 4393 1890 4446 p.
1911 4379 1993 4428 52.
