3251 5125
2528 377 2562 432 7

321 555 518 614 Hodie
563 556 776 612 seimus
816 554 1112 612 Macrobii
1157 557 1211 610 ct
1248 553 1508 610 Favonii
1543 551 1793 625 Euloffl'i
1838 555 1897 609 in
1940 551 2230 610 Ciceronis
2275 552 2565 609 somnium

324 656 614 730 Scipionis
654 658 1099 714 commentarios
1135 655 1289 714 nihil
1324 656 1450 728 fere
1489 657 1783 713 contincre
1820 657 1939 714 nisi
1979 672 2048 712 ca
2087 671 2237 726 qaae
2266 654 2569 712 Platonici

325 759 407 816 ad
463 759 739 818 Platonis
801 759 1104 817 Timaeum
1163 759 1611 817 adnotaverant.
1627 757 1674 830 1)
1778 758 1851 816 Et
1908 757 2105 816 Procli
2165 759 2222 814 et
2280 756 2568 832 Simplicii

320 860 459 920 inde
502 860 638 920 fons
682 860 791 918 fuit
832 861 1125 920 Platonici
1168 859 1466 919 cuiusdam
1511 859 1588 918 ad
1634 860 1897 918 Platonis
1926 859 2232 918 Timaeum
2278 875 2565 917 commen-

321 964 527 1037 tarius,
579 964 831 1022 fortasse
883 966 948 1020 ut
999 963 1206 1038 opinor
1257 962 1557 1021 Posidonii
1609 964 1685 1037 (v.
1725 961 1856 1020 infr.
1903 980 1956 1039 p.
1985 962 2105 1036 17).
2194 961 2309 1020 Sed
2362 959 2567 1020 redeat

322 1066 479 1125 unde
553 1066 789 1125 deflexit
862 1065 1065 1125 oratio,
1189 1065 1413 1125 Scimus
1485 1063 1891 1140 Pythagoreos
1966 1065 2197 1122 omnino
2272 1062 2567 1122 aetherem

323 1169 586 1244 posuisse
645 1169 897 1226 animum
954 1186 1059 1244 per
1113 1184 1303 1226 rerum
1362 1171 1628 1226 naturam
1682 1168 1967 1225 intentum
2022 1171 2080 1224 et
2133 1169 2569 1238 commeantem,

325 1289 398 1328 ex
465 1288 533 1329 eo
600 1275 658 1328 et
717 1270 938 1328 animos
999 1268 1284 1328 delibatos
1345 1287 1448 1328 nos
1505 1269 1727 1328 habere
1787 1267 1859 1327 cf.
1914 1269 2091 1326 Alex.
2138 1267 2421 1340 Polyhist.
2474 1285 2566 1343 ap.

324 1371 1007 1448 Diog.Lae1·t.V11128
1055 1363 1223 1432 εἶναι
1270 1366 1340 1431 δὲ
1385 1363 1511 1450 τὴν
1555 1363 1776 1453 ψυχὴν
1821 1364 2229 1448 ἀπόσπασμα
2276 1364 2567 1448 αἰθέρος,

325 1474 398 1534 cf.
439 1475 556 1536 Cic.
588 1475 730 1535 Cato
776 1493 847 1533 m.
881 1475 978 1548 21,
1005 1476 1108 1546 78;
1155 1475 1353 1534 Zeller
1397 1474 1462 1531 15
1506 1492 1562 1550 p.
1593 1473 1719 1531 450
1743 1492 1815 1532 ss.
1904 1475 2047 1533 Post
2088 1477 2330 1531 mortem
2376 1475 2567 1530 autem

323 1579 552 1636 animae
617 1579 677 1634 in
746 1595 882 1645 aere
951 1576 1225 1635 dicuntur
1290 1578 1713 1636 circumvolare
1782 1576 1853 1634 cf.
1914 1577 2111 1634 Zeller
2167 1577 2207 1633 l.
2238 1577 2278 1633 l.
2331 1593 2392 1651 p.
2428 1574 2568 1633 452.

322 1681 678 1740 Aristoteles
734 1679 878 1738 dixit
921 1679 1324 1755 Pythagoreos
1379 1678 1614 1738 duxisse
1670 1681 1891 1738 animas
1936 1680 2161 1736 solares
2205 1677 2571 1753 pulvisculos

323 1775 539 1857 ubique
577 1784 639 1840 in
680 1801 815 1842 aere
855 1784 1170 1842 volitantes
1209 1782 1308 1859 (de
1347 1783 1519 1840 anim.
1551 1783 1608 1840 A
1632 1785 1668 1840 2
1708 1801 1761 1857 p.
1789 1781 2080 1854 404al6,
2122 1781 2286 1839 Diels
2316 1781 2477 1838 Vors.
2507 1780 2571 1837 13

324 1905 382 1962 p.
415 1885 554 1958 357,
608 1887 804 1945 Zeller
856 1888 967 1944 1.l.
1021 1904 1075 1960 p.
1109 1880 1335 1960 450).2)
1427 1883 1553 1955 Quo
1607 1885 1961 1959 perveniunt
2014 1885 2241 1942 animae
2295 1900 2425 1941 cum
2480 1899 2569 1940 as-

325 1989 582 2048 cendunt
653 1988 728 2046 ad
803 1990 891 2047 sui
964 1988 1198 2048 simile?
1307 1991 1376 2048 In
1439 1986 1727 2048 Chalcidii
1794 1985 1868 2044 ad
1936 1987 2203 2045 Platonis
2269 1985 2571 2044 Timaeum

326 2093 739 2150 commentario
787 2091 887 2166 qui
931 2108 1038 2149 nos
1082 2094 1323 2150 revocat
1367 2089 1442 2148 ad
1487 2089 1787 2148 Posidonii
1829 2090 1891 2146 in
1934 2088 2238 2146 Timaeum
2284 2104 2573 2146 commen-

323 2195 534 2252 tarium
579 2193 651 2253 cf.
691 2195 756 2252 Β.
780 2195 872 2252 W.
903 2193 1199 2252 Switalski
1241 2193 1366 2251 Des
1411 2191 1765 2252 Chalkidins
1802 2192 2192 2259 Konzmentar
2225 2207 2301 2248 en
2339 2189 2573 2248 Plato's

329 2297 605 2356 Timaeas
665 2297 964 2372 [Beitrage
1023 2314 1125 2353 zur
1185 2295 1537 2356 Geschichte
1596 2293 1703 2352 der
1762 2292 2142 2370 Philosophie
2200 2292 2303 2351 des
2356 2292 2573 2350 Mittel-

327 2401 506 2458 alters
566 2399 719 2457 1116
783 2399 942 2456 1902
1005 2417 1060 2473 p.
1097 2398 1242 2474 113]
1307 2399 1458 2472 legis
1525 2397 1932 2472 Pythagoreos
1999 2395 2266 2454 docuisse
2333 2392 2571 2453 defunc-

325 2506 514 2560 torum
569 2502 792 2560 animas
845 2503 905 2558 in
957 2502 1100 2558 luna
1152 2501 1374 2558 versari
1418 2503 1648 2558 tuentes
1690 2499 1828 2556 inde
1873 2516 1967 2557 res
2012 2497 2294 2556 humanas
2339 2497 2418 2573 (p.
2450 2496 2568 2554 241

327 2605 598 2679 Wrobel)
657 2608 826 2663 iuxta
883 2604 1288 2677 Pythayoram
1347 2606 1602 2675 quidem,
1664 2603 1821 2674 quoa
1871 2605 1960 2660 ita
2012 2606 2081 2659 nt
2130 2603 2195 2659 in
2252 2604 2431 2669 terra,
2490 2602 2575 2659 sic

329 2710 506 2767 etia-m
571 2710 636 2766 in
704 2709 904 2765 lunari
959 2708 1129 2780 qlobo
1191 2708 1520 2765 consistant
1578 2688 1839 2764 homines
1900 2709 1956 2762 et
2013 2706 2191 2763 etiam
2248 2706 2313 2761 in
2374 2706 2573 2762 ceteris

329 2813 660 2870 errantibus
713 2811 926 2879 stelliS,
979 2813 1148 2869 iaxta
1200 2828 1261 2869 se
1311 2828 1469 2879 vero,
1526 2810 1684 2883 qnod
1733 2812 1798 2866 in
1850 2810 1989 2867 aliis
2046 2808 2207 2865 libris
2260 2807 2413 2865 ide-m
2468 2808 2572 2865 acl-

327 2917 492 2985 serit,
557 2916 792 2973 alterna
848 2917 970 2971 vice
1027 2915 1204 2987 fnnyi
1259 2931 1496 2971 manere
1555 2914 1815 2981 animaS,
1878 2913 2086 2983 quibas
2144 2928 2337 2967 rerwm
2402 2914 2573 2967 terre-

327 3036 543 3076 narum
605 3018 789 3075 tutela
845 3018 1198 3086 mandatur,
1265 3019 1355 3075 ita
1409 3020 1500 3085 nt,
1570 3032 1722 3087 qnae
1780 3016 1901 3071 iam
1960 3016 2196 3086 iamque
2251 3014 2578 3085 fanyentur

327 3138 590 3190 manere,
644 3122 882 3193 primae
943 3123 1218 3177 serantur
1273 3120 1336 3175 in
1401 3123 1580 3187 terra,
1650 3135 1799 3189 quac
1845 3121 1992 3189 post
2050 3117 2184 3184 has,
2250 3117 2314 3172 in
2378 3114 2579 3171 lunari

327 3224 515 3297 ylobo,
563 3241 634 3281 ae
679 3224 946 3295 deinceps
993 3223 1054 3279 in
1100 3222 1237 3279 aliis
1281 3221 1470 3294 ylobis
1517 3224 1945 3291 consequenter.
2033 3220 2153 3277 Iam
2201 3217 2575 3291 inspiciamus

331 3326 582 3400 singula.
664 3324 1087 3384 Defunctorum
1132 3324 1352 3380 animas
1396 3324 1457 3379 in
1500 3326 1659 3379 terra
1704 3321 2237 3379 circumvolitantes
2263 3317 2578 3378 ,custodire

329 3445 422 3487 res
467 3427 750 3485 humanas
795 3428 909 3484 iam
955 3429 1185 3484 vetusta
1231 3429 1318 3484 est
1362 3425 1577 3499 opini0,
1622 3442 1794 3498 quam
1842 3422 1997 3498 apud
2036 3422 2291 3482 Graecos
2330 3420 2577 3498 primum

329 3530 633 3589 statuimus
701 3528 856 3605 apud
915 3527 1250 3587 Hesiodum.
1363 3528 1520 3586 Dicit
1586 3528 1741 3585 enim
1798 3529 1981 3601 'poeta
2046 3526 2107 3582 in
2164 3522 2453 3600 Operibus
2520 3527 2579 3581 et

331 3752 612 3818 σφαῖραν·
653 3742 866 3815 ταύτην
903 3740 1013 3816 γαρ
1049 3742 1317 3814 αἰθερίαν
1352 3750 1457 3814 γῆν
1487 3746 1798 3798 καλεῖσθαι
1828 3742 1959 3813 παρ’
1988 3739 2319 3812 Αἰγυπτίοις
2347 3739 2578 3795 Lobeck

331 3834 383 3886 A
425 3832 457 3886 l.
489 3832 517 3886 I
593 3875 606 3886 .
631 3836 746 3885 500.

386 3849 422 3901 9
505 3849 676 3993 ¹)pCf.
727 3926 888 3980 etiam
935 3926 1004 3978 H.
1038 3925 1214 3978 Linke
1277 3912 1414 3978 Uber
1465 3922 1797 3977 Macrobius’
1852 3923 2197 3977 Commentar
2248 3937 2317 3974 zu
2365 3920 2581 3975 Ciceros

332 4011 619 4066 Somnium
671 4009 955 4080 Scipionis
1007 4009 1439 4079 (Philologische
1491 4008 1945 4083 Abhandlungen
1986 4008 2077 4061 fiir
2127 4008 2197 4061 M.
2232 4007 2399 4061 Hertz
2450 4010 2579 4061 1888

375 4139 387 4151 .
415 4101 506 4151 241
542 4139 554 4151 .

331 4114 369 4166 p
503 4098 548 4259 2))
585 4190 736 4245 Haec
759 4207 880 4245 cum
902 4189 1168 4245 similibus
1187 4189 1445 4243 Indorum
1465 4187 1815 4257 opinionibus
1835 4187 2148 4256 conspirant
2170 4186 2240 4240 cf.
2260 4186 2581 4261 Catapatha-

333 4276 640 4343 Brahmana
683 4280 728 4344 1,
755 4280 802 4330 9.
830 4280 950 4329 3.3.
979 4280 1058 4343 10,
1119 4273 1186 4329 cf.
1232 4276 1404 4343 Leop.
1451 4274 1522 4329 de
1571 4273 1879 4329 Sehroeder
1930 4272 2277 4345 Pythayoras
2328 4270 2443 4327 und
2496 4270 2582 4327 die

334 4360 522 4433 Inder,
560 4361 790 4434 Leipzig
826 4365 958 4417 1884
993 4377 1047 4433 p.
1074 4364 1138 4417 29
1177 4376 1222 4415 c.
1261 4360 1444 4418 adnot.
1472 4363 1517 4417 3.
