<?xml version="1.0" encoding="UTF-8"?>
<!DOCTYPE html PUBLIC "-//W3C//DTD XHTML 1.0 Transitional//EN"
    "http://www.w3.org/TR/xhtml1/DTD/xhtml1-transitional.dtd">
<html xmlns="http://www.w3.org/1999/xhtml" xml:lang="en" lang="en">
 <head>
  <title>
</title>
<meta http-equiv="Content-Type" content="text/html;charset=utf-8" />
  <meta name='ocr-system' content='tesseract 3.04.00' />
  <meta name='ocr-capabilities' content='ocr_page ocr_carea ocr_par ocr_line ocrx_word'/>
</head>
<body>
  <div class='ocr_page' id='page_1' title='image "./delvnastellisla00capegoog_0009.png"; bbox 0 0 3251 5125; ppageno 0'>
   <div class='ocr_carea' id='block_1_1' title="bbox 1210 1327 1648 1397">
    <p class='ocr_par' dir='ltr' id='par_1_1' title="bbox 1210 1327 1648 1397">
     <span class='ocr_line' id='line_1_1' title="bbox 1210 1327 1648 1397; baseline 0 0"><span class='ocrx_word' id='word_1_1' title='bbox 1210 1327 1648 1397; x_wconf 85' lang='lat' dir='ltr'><strong>Praefatio.</strong></span> 
     </span>
    </p>
   </div>
   <div class='ocr_carea' id='block_1_2' title="bbox 302 1646 2556 2956">
    <p class='ocr_par' dir='ltr' id='par_1_2' title="bbox 302 1646 2556 2956">
     <span class='ocr_line' id='line_1_2' title="bbox 477 1646 2553 1724; baseline -0.002 -14"><span class='ocrx_word' id='word_1_2' title='bbox 477 1649 627 1710; x_wconf 83' lang='lat' dir='ltr'><strong>Satis</strong></span> <span class='ocrx_word' id='word_1_3' title='bbox 694 1653 922 1709; x_wconf 84' lang='lat' dir='ltr'><strong>constat</strong></span> <span class='ocrx_word' id='word_1_4' title='bbox 979 1647 1238 1710; x_wconf 81' lang='lat' dir='ltr'><strong>Graecos</strong></span> <span class='ocrx_word' id='word_1_5' title='bbox 1305 1649 1416 1708; x_wconf 86' lang='lat' dir='ltr'><strong>sibi</strong></span> <span class='ocrx_word' id='word_1_6' title='bbox 1481 1649 1833 1724; x_wconf 75' lang='lat' dir='ltr'><strong>cogitavisse</strong></span> <span class='ocrx_word' id='word_1_7' title='bbox 1897 1649 2201 1708; x_wconf 83' lang='lat' dir='ltr'><strong>beatorum</strong></span> <span class='ocrx_word' id='word_1_8' title='bbox 2266 1646 2436 1708; x_wconf 88' lang='lat' dir='ltr'><strong>sedes</strong></span> <span class='ocrx_word' id='word_1_9' title='bbox 2492 1649 2553 1706; x_wconf 91' lang='lat' dir='ltr'><strong>in</strong></span> 
     </span>
     <span class='ocr_line' id='line_1_3' title="bbox 302 1749 2554 1832; baseline -0.001 -20"><span class='ocrx_word' id='word_1_10' title='bbox 302 1754 477 1812; x_wconf 85' lang='lat' dir='ltr'><strong>terris</strong></span> <span class='ocrx_word' id='word_1_11' title='bbox 544 1757 602 1812; x_wconf 89' lang='lat' dir='ltr'><strong>et</strong></span> <span class='ocrx_word' id='word_1_12' title='bbox 667 1751 774 1812; x_wconf 89' lang='lat' dir='ltr'><strong>sub</strong></span> <span class='ocrx_word' id='word_1_13' title='bbox 832 1755 990 1812; x_wconf 87' lang='lat' dir='ltr'><strong>terra</strong></span> <span class='ocrx_word' id='word_1_14' title='bbox 1049 1756 1108 1811; x_wconf 86' lang='lat' dir='ltr'><strong>et</strong></span> <span class='ocrx_word' id='word_1_15' title='bbox 1163 1753 1225 1810; x_wconf 89' lang='lat' dir='ltr'><strong>in</strong></span> <span class='ocrx_word' id='word_1_16' title='bbox 1285 1753 1469 1812; x_wconf 86' lang='lat' dir='ltr'><strong>caelo.</strong></span> <span class='ocrx_word' id='word_1_17' title='bbox 1569 1752 1861 1832; x_wconf 86' lang='lat' dir='ltr'><strong>Extremis</strong></span> <span class='ocrx_word' id='word_1_18' title='bbox 1919 1752 1981 1808; x_wconf 89' lang='lat' dir='ltr'><strong>in</strong></span> <span class='ocrx_word' id='word_1_19' title='bbox 2038 1749 2263 1810; x_wconf 88' lang='lat' dir='ltr'><strong>Oceani</strong></span> <span class='ocrx_word' id='word_1_20' title='bbox 2320 1752 2554 1826; x_wconf 83' lang='lat' dir='ltr'><strong>angulis</strong></span> 
     </span>
     <span class='ocr_line' id='line_1_4' title="bbox 304 1853 2554 1929; baseline -0.001 -15"><span class='ocrx_word' id='word_1_21' title='bbox 304 1856 478 1914; x_wconf 86' lang='lat' dir='ltr'><strong>situm</strong></span> <span class='ocrx_word' id='word_1_22' title='bbox 537 1858 665 1914; x_wconf 87' lang='lat' dir='ltr'><strong>erat</strong></span> <span class='ocrx_word' id='word_1_23' title='bbox 715 1855 979 1929; x_wconf 85' lang='lat' dir='ltr'><strong>Elysium</strong></span> <span class='ocrx_word' id='word_1_24' title='bbox 1033 1854 1405 1914; x_wconf 87' lang='lat' dir='ltr'><strong>Homericum</strong></span> <span class='ocrx_word' id='word_1_25' title='bbox 1465 1871 1580 1928; x_wconf 90' lang='lat' dir='ltr'><strong>quo</strong></span> <span class='ocrx_word' id='word_1_26' title='bbox 1640 1855 1762 1912; x_wconf 88' lang='lat' dir='ltr'><strong>vivi</strong></span> <span class='ocrx_word' id='word_1_27' title='bbox 1820 1854 2027 1913; x_wconf 89' lang='lat' dir='ltr'><strong>remoti</strong></span> <span class='ocrx_word' id='word_1_28' title='bbox 2086 1856 2220 1912; x_wconf 88' lang='lat' dir='ltr'><strong>sunt</strong></span> <span class='ocrx_word' id='word_1_29' title='bbox 2276 1870 2405 1913; x_wconf 86' lang='lat' dir='ltr'><strong>cum</strong></span> <span class='ocrx_word' id='word_1_30' title='bbox 2464 1853 2554 1912; x_wconf 88' lang='lat' dir='ltr'><strong>dis</strong></span> 
     </span>
     <span class='ocr_line' id='line_1_5' title="bbox 305 1955 2553 2030; baseline -0.002 -12"><span class='ocrx_word' id='word_1_31' title='bbox 305 1955 590 2018; x_wconf 87' lang='lat' dir='ltr'><strong>affinitate</strong></span> <span class='ocrx_word' id='word_1_32' title='bbox 644 1959 964 2030; x_wconf 83' lang='lat' dir='ltr'><strong>coniuncti,</strong></span> <span class='ocrx_word' id='word_1_33' title='bbox 1016 1956 1233 2017; x_wconf 78' lang='lat' dir='ltr'><strong>ibidem</strong></span> <span class='ocrx_word' id='word_1_34' title='bbox 1288 1959 1615 2017; x_wconf 75' lang='lat' dir='ltr'><strong>collocatae</strong></span> <span class='ocrx_word' id='word_1_35' title='bbox 1671 1959 1804 2016; x_wconf 90' lang='lat' dir='ltr'><strong>sunt</strong></span> <span class='ocrx_word' id='word_1_36' title='bbox 1855 1961 1915 2016; x_wconf 89' lang='lat' dir='ltr'><strong>et</strong></span> <span class='ocrx_word' id='word_1_37' title='bbox 1959 1956 2205 2016; x_wconf 80' lang='lat' dir='ltr'><strong>Hesiodi</strong></span> <span class='ocrx_word' id='word_1_38' title='bbox 2254 1955 2553 2016; x_wconf 85' lang='lat' dir='ltr'><strong>beatorum</strong></span> 
     </span>
     <span class='ocr_line' id='line_1_6' title="bbox 304 2057 2554 2134; baseline -0 -16"><span class='ocrx_word' id='word_1_39' title='bbox 304 2061 538 2119; x_wconf 88' lang='lat' dir='ltr'><strong>insulae</strong></span> <span class='ocrx_word' id='word_1_40' title='bbox 586 2061 648 2118; x_wconf 90' lang='lat' dir='ltr'><strong>in</strong></span> <span class='ocrx_word' id='word_1_41' title='bbox 692 2060 902 2134; x_wconf 90' lang='lat' dir='ltr'><strong>quibus</strong></span> <span class='ocrx_word' id='word_1_42' title='bbox 946 2064 1189 2134; x_wconf 76' lang='lat' dir='ltr'><strong>quartae</strong></span> <span class='ocrx_word' id='word_1_43' title='bbox 1236 2061 1444 2119; x_wconf 87' lang='lat' dir='ltr'><strong>aetatis</strong></span> <span class='ocrx_word' id='word_1_44' title='bbox 1489 2060 1698 2119; x_wconf 90' lang='lat' dir='ltr'><strong>heroes</strong></span> <span class='ocrx_word' id='word_1_45' title='bbox 1742 2062 2080 2130; x_wconf 84' lang='lat' dir='ltr'><strong>versantur3</strong></span> <span class='ocrx_word' id='word_1_46' title='bbox 2133 2057 2291 2134; x_wconf 88' lang='lat' dir='ltr'><strong>apud</strong></span> <span class='ocrx_word' id='word_1_47' title='bbox 2333 2057 2554 2118; x_wconf 89' lang='lat' dir='ltr'><strong>inferos</strong></span> 
     </span>
     <span class='ocr_line' id='line_1_7' title="bbox 304 2161 2554 2238; baseline -0.001 -18"><span class='ocrx_word' id='word_1_48' title='bbox 304 2166 498 2222; x_wconf 85' lang='lat' dir='ltr'><strong>autem</strong></span> <span class='ocrx_word' id='word_1_49' title='bbox 544 2163 640 2222; x_wconf 88' lang='lat' dir='ltr'><strong>siti</strong></span> <span class='ocrx_word' id='word_1_50' title='bbox 683 2166 849 2222; x_wconf 89' lang='lat' dir='ltr'><strong>erant</strong></span> <span class='ocrx_word' id='word_1_51' title='bbox 887 2163 1077 2236; x_wconf 83' lang='lat' dir='ltr'><strong>Elysii</strong></span> <span class='ocrx_word' id='word_1_52' title='bbox 1123 2163 1315 2238; x_wconf 87' lang='lat' dir='ltr'><strong>campi</strong></span> <span class='ocrx_word' id='word_1_53' title='bbox 1360 2179 1475 2238; x_wconf 89' lang='lat' dir='ltr'><strong>quo</strong></span> <span class='ocrx_word' id='word_1_54' title='bbox 1519 2162 1874 2238; x_wconf 90' lang='lat' dir='ltr'><strong>perveniunt</strong></span> <span class='ocrx_word' id='word_1_55' title='bbox 1917 2166 2049 2237; x_wconf 91' lang='lat' dir='ltr'><strong>post</strong></span> <span class='ocrx_word' id='word_1_56' title='bbox 2088 2165 2332 2220; x_wconf 90' lang='lat' dir='ltr'><strong>mortem</strong></span> <span class='ocrx_word' id='word_1_57' title='bbox 2371 2161 2417 2218; x_wconf 88' lang='lat' dir='ltr'><strong>ii</strong></span> <span class='ocrx_word' id='word_1_58' title='bbox 2454 2162 2554 2235; x_wconf 91' lang='lat' dir='ltr'><strong>qui</strong></span> 
     </span>
     <span class='ocr_line' id='line_1_8' title="bbox 303 2263 2555 2340; baseline -0 -18"><span class='ocrx_word' id='word_1_59' title='bbox 303 2265 367 2322; x_wconf 90' lang='lat' dir='ltr'><strong>in</strong></span> <span class='ocrx_word' id='word_1_60' title='bbox 425 2265 596 2324; x_wconf 87' lang='lat' dir='ltr'><strong>terris</strong></span> <span class='ocrx_word' id='word_1_61' title='bbox 654 2266 804 2325; x_wconf 87' lang='lat' dir='ltr'><strong>bene</strong></span> <span class='ocrx_word' id='word_1_62' title='bbox 860 2265 1128 2338; x_wconf 85' lang='lat' dir='ltr'><strong>iusteque</strong></span> <span class='ocrx_word' id='word_1_63' title='bbox 1186 2266 1458 2324; x_wconf 84' lang='lat' dir='ltr'><strong>vixerunt</strong></span> <span class='ocrx_word' id='word_1_64' title='bbox 1516 2282 1688 2339; x_wconf 89' lang='lat' dir='ltr'><strong>quam</strong></span> <span class='ocrx_word' id='word_1_65' title='bbox 1753 2264 2085 2340; x_wconf 88' lang='lat' dir='ltr'><strong>opinionem</strong></span> <span class='ocrx_word' id='word_1_66' title='bbox 2145 2263 2437 2322; x_wconf 75' lang='lat' dir='ltr'><strong>excultam</strong></span> <span class='ocrx_word' id='word_1_67' title='bbox 2498 2267 2555 2321; x_wconf 89' lang='lat' dir='ltr'><strong>et</strong></span> 
     </span>
     <span class='ocr_line' id='line_1_9' title="bbox 306 2365 2554 2449; baseline -0.001 -23"><span class='ocrx_word' id='word_1_68' title='bbox 306 2368 713 2443; x_wconf 84' lang='lat' dir='ltr'><strong>pervulgatam</strong></span> <span class='ocrx_word' id='word_1_69' title='bbox 788 2367 1051 2427; x_wconf 90' lang='lat' dir='ltr'><strong>videmus</strong></span> <span class='ocrx_word' id='word_1_70' title='bbox 1124 2368 1448 2440; x_wconf 84' lang='lat' dir='ltr'><strong>mysteriis3</strong></span> <span class='ocrx_word' id='word_1_71' title='bbox 1530 2365 1876 2443; x_wconf 87' lang='lat' dir='ltr'><strong>philosophi</strong></span> <span class='ocrx_word' id='word_1_72' title='bbox 1950 2365 2204 2440; x_wconf 90' lang='lat' dir='ltr'><strong>denique</strong></span> <span class='ocrx_word' id='word_1_73' title='bbox 2276 2366 2554 2449; x_wconf 85' lang='lat' dir='ltr'><strong>imprimis</strong></span> 
     </span>
     <span class='ocr_line' id='line_1_10' title="bbox 304 2469 2556 2554; baseline -0.001 -26"><span class='ocrx_word' id='word_1_74' title='bbox 304 2473 635 2554; x_wconf 86' lang='lat' dir='ltr'><strong>prementes</strong></span> <span class='ocrx_word' id='word_1_75' title='bbox 717 2473 974 2529; x_wconf 86' lang='lat' dir='ltr'><strong>vetustas</strong></span> <span class='ocrx_word' id='word_1_76' title='bbox 1058 2471 1225 2545; x_wconf 83' lang='lat' dir='ltr'><strong>vulgi</strong></span> <span class='ocrx_word' id='word_1_77' title='bbox 1308 2470 1612 2545; x_wconf 90' lang='lat' dir='ltr'><strong>opiniones</strong></span> <span class='ocrx_word' id='word_1_78' title='bbox 1696 2469 2021 2529; x_wconf 89' lang='lat' dir='ltr'><strong>docuerunt</strong></span> <span class='ocrx_word' id='word_1_79' title='bbox 2099 2470 2350 2527; x_wconf 90' lang='lat' dir='ltr'><strong>animam</strong></span> <span class='ocrx_word' id='word_1_80' title='bbox 2423 2471 2556 2544; x_wconf 85' lang='lat' dir='ltr'><strong>post</strong></span> 
     </span>
     <span class='ocr_line' id='line_1_11' title="bbox 307 2571 2553 2649; baseline -0.001 -17"><span class='ocrx_word' id='word_1_81' title='bbox 307 2574 624 2634; x_wconf 81' lang='lat' dir='ltr'><strong>discessum</strong></span> <span class='ocrx_word' id='word_1_82' title='bbox 690 2593 725 2631; x_wconf 86' lang='lat' dir='ltr'><strong>a</strong></span> <span class='ocrx_word' id='word_1_83' title='bbox 792 2590 1038 2649; x_wconf 82' lang='lat' dir='ltr'><strong>corpore</strong></span> <span class='ocrx_word' id='word_1_84' title='bbox 1103 2573 1422 2633; x_wconf 87' lang='lat' dir='ltr'><strong>ascendere</strong></span> <span class='ocrx_word' id='word_1_85' title='bbox 1481 2572 1559 2630; x_wconf 88' lang='lat' dir='ltr'><strong>ad</strong></span> <span class='ocrx_word' id='word_1_86' title='bbox 1616 2573 1844 2633; x_wconf 90' lang='lat' dir='ltr'><strong>caelum</strong></span> <span class='ocrx_word' id='word_1_87' title='bbox 1904 2572 2060 2632; x_wconf 86' lang='lat' dir='ltr'><strong>unde</strong></span> <span class='ocrx_word' id='word_1_88' title='bbox 2119 2571 2335 2631; x_wconf 85' lang='lat' dir='ltr'><strong>fiebant</strong></span> <span class='ocrx_word' id='word_1_89' title='bbox 2393 2573 2553 2644; x_wconf 88' lang='lat' dir='ltr'><strong>luna,</strong></span> 
     </span>
     <span class='ocr_line' id='line_1_12' title="bbox 305 2674 2551 2752; baseline -0.001 -17"><span class='ocrx_word' id='word_1_90' title='bbox 305 2676 543 2751; x_wconf 88' lang='lat' dir='ltr'><strong>stellae,</strong></span> <span class='ocrx_word' id='word_1_91' title='bbox 595 2677 824 2735; x_wconf 86' lang='lat' dir='ltr'><strong>lacteus</strong></span> <span class='ocrx_word' id='word_1_92' title='bbox 878 2676 1034 2735; x_wconf 87' lang='lat' dir='ltr'><strong>orbis</strong></span> <span class='ocrx_word' id='word_1_93' title='bbox 1081 2676 1403 2735; x_wconf 85' lang='lat' dir='ltr'><strong>animarum</strong></span> <span class='ocrx_word' id='word_1_94' title='bbox 1447 2674 1635 2735; x_wconf 89' lang='lat' dir='ltr'><strong>sedes.</strong></span> <span class='ocrx_word' id='word_1_95' title='bbox 1723 2675 1898 2735; x_wconf 79' lang='lat' dir='ltr'><strong>Cuius</strong></span> <span class='ocrx_word' id='word_1_96' title='bbox 1944 2674 2233 2752; x_wconf 88' lang='lat' dir='ltr'><strong>opinionis</strong></span> <span class='ocrx_word' id='word_1_97' title='bbox 2278 2676 2551 2749; x_wconf 90' lang='lat' dir='ltr'><strong>quoniam</strong></span> 
     </span>
     <span class='ocr_line' id='line_1_13' title="bbox 305 2760 2551 2853; baseline -0.001 -16"><span class='ocrx_word' id='word_1_98' title='bbox 305 2794 603 2853; x_wconf 87' lang='lat' dir='ltr'><strong>nunquam</strong></span> <span class='ocrx_word' id='word_1_99' title='bbox 662 2780 936 2837; x_wconf 91' lang='lat' dir='ltr'><strong>continuo</strong></span> <span class='ocrx_word' id='word_1_100' title='bbox 995 2781 1301 2838; x_wconf 78' lang='lat' dir='ltr'><strong>tractatam</strong></span> <span class='ocrx_word' id='word_1_101' title='bbox 1362 2794 1490 2837; x_wconf 90' lang='lat' dir='ltr'><strong>esse</strong></span> <span class='ocrx_word' id='word_1_102' title='bbox 1547 2777 1780 2837; x_wconf 88' lang='lat' dir='ltr'><strong>videam</strong></span> <span class='ocrx_word' id='word_1_103' title='bbox 1842 2775 1981 2836; x_wconf 88' lang='lat' dir='ltr'><strong>mihi</strong></span> <span class='ocrx_word' id='word_1_104' title='bbox 2032 2760 2311 2853; x_wconf 87' lang='lat' dir='ltr'><strong>proposui</strong></span> <span class='ocrx_word' id='word_1_105' title='bbox 2362 2780 2424 2835; x_wconf 85' lang='lat' dir='ltr'><strong>ut</strong></span> <span class='ocrx_word' id='word_1_106' title='bbox 2478 2776 2551 2835; x_wconf 88' lang='lat' dir='ltr'><strong>ab</strong></span> 
     </span>
     <span class='ocr_line' id='line_1_14' title="bbox 304 2866 2313 2956; baseline -0.001 -17"><span class='ocrx_word' id='word_1_107' title='bbox 304 2866 623 2956; x_wconf 74' lang='lat' dir='ltr'><strong>originibus</strong></span> <span class='ocrx_word' id='word_1_108' title='bbox 669 2881 940 2939; x_wconf 85' lang='lat' dir='ltr'><strong>evolvam</strong></span> <span class='ocrx_word' id='word_1_109' title='bbox 985 2880 1046 2937; x_wconf 90' lang='lat' dir='ltr'><strong>in</strong></span> <span class='ocrx_word' id='word_1_110' title='bbox 1089 2878 1201 2940; x_wconf 87' lang='lat' dir='ltr'><strong>hoc</strong></span> <span class='ocrx_word' id='word_1_111' title='bbox 1246 2881 1530 2956; x_wconf 88' lang='lat' dir='ltr'><strong>opusculo</strong></span> <span class='ocrx_word' id='word_1_112' title='bbox 1572 2880 1884 2955; x_wconf 80' lang='lat' dir='ltr'><strong>imaginem</strong></span> <span class='ocrx_word' id='word_1_113' title='bbox 1928 2880 2313 2955; x_wconf 87' lang='lat' dir='ltr'><strong>perspicuam.</strong></span> 
     </span>
    </p>
   </div>
  </div>
 </body>
</html>
