3251 5125
2529 357 2603 416 31

362 540 649 596 vocantur
711 530 1166 616 περιθέοντες.
1284 531 1463 608 Apud
1539 517 1868 608 utrumque¹
1915 549 2106 592 sermo
2172 537 2260 591 est
2326 529 2399 592 de
2464 549 2612 591 cena

362 638 615 714 quadam
647 639 762 715 (ap.
787 637 1091 715 Aristoph.
1120 653 1249 712 pac.
1274 637 1398 694 839
1432 634 1733 711 δεῖπνον,
1773 653 1865 711 ap.
1896 635 2220 694 Lucianum
2250 636 2294 696 1.
2317 636 2359 692 l.
2387 631 2613 712 ξενία).

360 742 790 817 Aristophanes
827 742 981 799 inter
1018 741 1224 799 stellas
1263 740 1532 814 agnoscit
1570 738 1781 807 divites
1820 739 1898 812 (v.
1922 738 2045 796 840
2078 729 2437 812 πλούσιοι),
2473 738 2612 796 item

360 845 655 904 Lucianus
699 845 763 919 (l.
793 845 883 920 l.):
945 841 1213 924 ὀλίγους
1259 837 1328 903 δὲ
1372 841 1512 902 τῶν
1557 836 1872 921 μεγάλων
1914 837 2025 901 καὶ
2072 838 2385 902 δυνατῶν
2427 829 2613 902 πάνυ

365 939 711 1027 λαμπροὺς
755 944 866 1007 καὶ
911 945 1378 1026 περιφανεῖς.1)
1452 945 1745 1003 Lucianus
1786 942 1930 1002 dicit
1966 944 2224 1002 lucernis
2263 960 2390 1002 esse
2430 941 2613 1001 domi-

263 1080 270 1086 ·
361 1050 522 1120 cilia·
563 1041 923 1129 (οἰκήσεις),
980 1051 1042 1107 in
1101 1065 1216 1122 quo
1275 1048 1612 1106 memoriam
1671 1063 1919 1105 renoves
1978 1046 2243 1105 Platonis
2303 1045 2613 1105 verborum

361 1133 537 1224 (Tim.
569 1150 650 1208 42
673 1151 772 1226 B):
831 1143 1043 1211 πάλιν
1085 1144 1177 1220 εἰς
1221 1143 1346 1232 τὴν
1389 1147 1518 1209 τοῦ
1561 1141 1903 1227 ξυννόμου
1949 1144 2311 1226 πορευθεὶς
2355 1143 2616 1228 οἴκησιν

358 1243 632 1334 ἄστρου.
721 1251 957 1312 Addam
1002 1251 1438 1310 Artemidorum
1482 1250 1804 1326 (onirocrit.
1842 1250 1901 1308 11
1932 1250 2011 1307 36
2058 1268 2113 1325 p.
2142 1251 2261 1308 137
2303 1248 2613 1325 Hercher):

363 1347 542 1415 ἔοικε
582 1347 708 1435 γὰρ
747 1346 784 1416 ὁ
825 1350 948 1434 μὲν
986 1345 1276 1434 οὐρανὸς
1313 1351 1394 1431 τῇ
1434 1347 1614 1435 οἰκίᾳ
1654 1350 1780 1412 τοῦ
1820 1344 2109 1426 ἰδόντος,
2149 1345 2214 1411 οἱ
2247 1347 2319 1413 δὲ
2351 1346 2615 1429 ἀστέρες

359 1465 507 1529 τοῖς
550 1450 722 1518 κατὰ
766 1451 891 1538 τὴν
936 1452 1157 1516 οἰκίαν
1203 1447 1482 1538 κτήμασὶ
1526 1474 1597 1514 τε
1640 1451 1747 1514 καὶ
1792 1442 2207 1534 ἀνθρώποις,
2254 1452 2331 1512 ad
2368 1454 2616 1513 Luciani

361 1556 592 1635 ξενίαν
631 1558 703 1618 cf.
735 1558 1022 1617 Artemid.
1061 1561 1099 1616 l.
1125 1560 1167 1615 l.
1209 1552 1382 1618 ἀλλὰ
1422 1550 1553 1639 μὴν
1594 1551 1751 1617 οὐδὲ
1792 1550 2045 1619 ἐσθίειν
2081 1554 2309 1618 δοκεῖν
2338 1550 2619 1636 ἀστέρας

365 1655 631 1742 ἀγαθὸν
694 1649 923 1723 ου’δενὶ
986 1652 1168 1742 πλὴν
1229 1653 1543 1739 μάντεων
1609 1656 1721 1719 καὶ
1788 1658 1931 1719 τῶν
1988 1653 2073 1718 τὰ
2134 1646 2419 1737 οὐράνια
2481 1656 2617 1719 δια-

362 1761 859 1844 σκεπτομένων.
949 1757 1439 1842 Λυχνοπόλεως
1490 1762 1813 1819 incolarum
1870 1777 2023 1819 mors
2077 1765 2166 1819 est
2216 1761 2507 1836 exstingui
2551 1753 2614 1835 (ὁ

366 1862 438 1926 δὲ
486 1859 787 1938 θάνατός
833 1861 972 1926 ἐστι
1019 1864 1407 1946 σβεσθῆναι)
1461 1863 1618 1938 quod
1664 1864 1948 1938 originem
1994 1862 2152 1922 ducit
2197 1881 2229 1921 e
2275 1864 2616 1938 vulgaribus

361 1969 873 2043 superstitionibus
917 1967 1126 2042 quibus
1174 1966 1604 2025 demonstratur
1650 1983 1937 2040 quemque
1975 1965 2194 2025 habere
2233 1983 2395 2024 suam
2434 1967 2616 2042 ipsius

363 2070 602 2128 stellam
657 2088 808 2146 quae
860 2071 1057 2129 luceat
1112 2068 1245 2127 dum
1299 2069 1462 2126 vivat
1504 2069 1611 2126 ille
1656 2085 1810 2142 quae
1854 2086 1994 2127 vero
2041 2069 2442 2143 exstinguatur
2486 2085 2616 2126 cum

362 2172 458 2228 illi
516 2173 589 2230 sit
646 2171 1007 2231 moriendum
1069 2170 1140 2230 cf.
1192 2171 1344 2228 Plin.
1383 2171 1535 2243 118,
1599 2169 1835 2229 Gundel
1894 2172 1934 2227 l.
1967 2172 2007 2228 l.
2060 2189 2117 2246 p.
2149 2172 2271 2227 226
2327 2175 2386 2229 et
2438 2187 2617 2246 supra

362 2291 421 2348 p.
456 2274 553 2332 22.
595 2309 676 2317 —
721 2274 898 2334 Certa
940 2291 1014 2332 ex
1052 2273 1425 2333 Artemidoro
1475 2277 1532 2332 et
1568 2273 1767 2332 Plinio
1812 2288 2017 2332 eruere
2055 2275 2277 2347 nequis,
2351 2272 2614 2331 Rohdius

361 2373 498 2461 (Gr.
527 2377 735 2436 Rom.³
777 2394 834 2452 p.
867 2377 988 2433 209
1035 2375 1258 2449 adnot.)
1310 2375 1545 2449 quidem
1597 2392 1670 2433 ac
1716 2375 1943 2434 Bollius
1987 2377 2142 2449 (1.1.)
2185 2392 2293 2434 nos
2338 2375 2617 2450 delegant

364 2476 458 2536 ad'
502 2479 713 2536 Diniae
777 2479 1144 2536 narrationes
1201 2476 1502 2536 fabulosas
1560 2476 1726 2554 (Ant.
1767 2478 1935 2552 Diog.
1984 2494 2075 2552 ap.
2116 2477 2284 2536 Phot.
2329 2476 2454 2536 cod.
2494 2478 2612 2535 116

362 2598 421 2655 p.
459 2582 573 2640 111
595 2584 670 2653 A,
717 2582 928 2639 Erotio.
969 2582 1165 2656 script.
1205 2580 1308 2639 Gr.
1347 2599 1402 2656 p.
1437 2579 1601 2656 510).

537 2676 1037 2758 Pythagoreorum
1078 2683 1460 2756 Platonisque
1505 2681 1580 2740 de
1623 2683 1817 2741 stellis
1855 2686 1913 2741 et
1952 2683 2157 2741 animis
2197 2687 2255 2742 et
2292 2684 2615 2742 animarum

361 2785 602 2846 sedibus
675 2785 994 2843 sententias
1065 2790 1274 2859 postea
1336 2783 1657 2860 praecipue
1722 2785 1904 2843 Stoici
1968 2785 2203 2859 quidam
2270 2792 2617 2861 receperunt

363 2887 605 2962 suisque
657 2888 1093 2946 immiscuerunt
1145 2886 1439 2946 doctrinis,
1528 2888 1868 2947 Docuerunt
1918 2889 2072 2945 enim
2117 2887 2379 2947 divinum
2421 2890 2614 2964 ignem

363 3022 452 3033 ——
493 2992 554 3048 in
597 3007 711 3064 quo
751 2990 1119 3048 Heraclitum
1158 2990 1349 3066 (Diels
1392 2989 1553 3047 VorS.
1593 2990 1657 3047 13
1700 3007 1756 3065 p.
1788 2989 1871 3046 84
1914 2989 2117 3065 fragm.
2151 2991 2249 3063 30,
2296 2991 2403 3062 313
2447 3010 2503 3067 p.
2534 2991 2616 3049 90

363 3091 571 3167 fragm.
611 3094 716 3168 64)
781 3093 967 3151 secuti
1031 3090 1102 3149 cf.
1158 3080 1815 3165 Uberweg·Praechter
1871 3094 1967 3151 11⁰
2022 3112 2079 3169 p.
2121 3093 2241 3151 257
2303 3127 2389 3136 —
2453 3112 2617 3152 mun-

334 3194 505 3269 ·dum
572 3184 914 3269 omnemque
980 3195 1096 3251 vim
1164 3193 1364 3252 mundi
1423 3195 1622 3252 divina
1681 3199 1892 3254 natura
1950 3197 2274 3268 continere,
2342 3197 2616 3255 mundum

365 3298 545 3372 igitur
581 3299 770 3373 ipsum
811 3297 1069 3354 divinum
1109 3295 1185 3356 cf.
1221 3297 1567 3357 Cleanthem
1607 3316 1701 3373 ap.
1734 3298 1851 3357 Cic.
1892 3297 1964 3356 de
2007 3302 2122 3356 nat.
2164 3298 2321 3357 deor.
2351 3300 2380 3357 I
2418 3300 2510 3371 14,
2536 3300 2614 3357 37

363 3400 544 3476 [Dox.
574 3418 632 3475 p.
658 3400 798 3471 543,
831 3399 980 3469 5443
1018 3399 1212 3473 Frgm.
1251 3400 1495 3459 Stoicor.
1530 3418 1581 3457 v.
1611 3399 1641 3456 I
1680 3417 1735 3475 p.
1761 3400 1880 3457 120
1918 3400 2125 3476 fragm.
2158 3401 2281 3459 530
2322 3401 2411 3460 ed.
2443 3404 2615 3474 Arn.;

365 3503 731 3578 Chrysippus
783 3519 876 3576 ap.
915 3499 1030 3559 Cic.
1085 3500 1160 3559 de
1214 3506 1330 3559 nat.
1376 3502 1533 3560 deor.
1580 3503 1607 3559 Ι
1655 3504 1748 3575 15,
1774 3503 1852 3561 39
1908 3504 2083 3577 (Dox.
2129 3522 2185 3580 p.
2218 3504 2369 3575 5453
2424 3505 2616 3579 Frgm.

364 3604 612 3663 Stoicor.
649 3622 702 3662 v.
739 3604 798 3661 II
841 3621 897 3678 p.
930 3604 1051 3661 315
1096 3592 1306 3678 fragm.
1334 3604 1494 3661 1077
1543 3604 1633 3663 ed.
1673 3605 1884 3681 Arn.)].
1957 3606 2256 3665 Sideribus
2301 3612 2512 3680 autem,
2555 3608 2617 3665 in

365 3708 579 3783 quibus
619 3708 891 3781 quoniam
931 3706 1402 3767 manifestissime
1442 3713 1757 3784 appareret
1794 3710 1947 3785 ignis
1988 3709 2237 3783 divinus,
2275 3711 2493 3768 tributa
2530 3714 2619 3769 est

361 3906 616 3977 intellegi
661 3921 880 3961 curnam
909 3911 1144 3961 ceterae
1192 3908 1400 3963 animae
1448 3923 1749 3964 conversae
1794 3908 1849 3963 in
1893 3909 2082 3965 stellas
2125 3910 2180 3963 in
2224 3924 2346 3965 aere
2388 3910 2617 3965 circum-

363 3991 603 4048 volitent
636 3992 804 4046 modo
837 3991 1030 4046 stellae
1065 3992 1343 4048 cadentes.

542 4079 584 4146 1)
619 4076 860 4144 Attingit
901 4078 1054 4145 vulgi
1099 4079 1384 4146 opiniones
1426 4078 1493 4134 cf.
1529 4080 1668 4134 Plin.
1701 4079 1756 4133 11
1781 4085 1811 4135 8
1848 4081 1925 4150 (v.
1958 4096 2123 4150 supra
2164 4099 2217 4150 p.
2244 4082 2359 4149 27):
2418 4080 2617 4135 Sidera

363 4181 507 4235 quae
553 4163 744 4233 adfiaea
787 4164 1036 4217 diximus
1081 4164 1309 4231 mundo,
1358 4180 1470 4220 mm
1517 4164 1620 4219 illa
1667 4169 1733 4219 ut
1774 4166 2075 4232 existumat
2116 4168 2328 4237 vomas,
2375 4165 2617 4236 sinyulis

361 4248 644 4305 attributa
677 4248 848 4317 nobis,
895 4251 946 4302 et
981 4248 1132 4304 clara
1169 4248 1452 4318 divitibus,
1487 4250 1711 4305 minora
1735 4252 2081 4320 pauperibus
2116 4295 2129 4309 .
2157 4293 2169 4306 .
2196 4293 2209 4307 .
2246 4251 2313 4306 cf.
2347 4251 2614 4307 Artemid.

359 4336 644 4395 onirocrit.
673 4334 728 4389 11
753 4338 834 4389 36.
