3251 5125
2506 364 2586 428 33

331 538 531 598 anima
582 537 792 599 fruitur
845 539 1098 600 aeternis
1153 539 1584 616 voluptatibus:
1639 541 1951 617 requiescit
2000 541 2175 600 beata
2224 542 2285 599 in
2329 547 2587 601 contem-

331 644 601 718 platione
654 661 846 702 rerum
898 647 1142 702 naturae
1193 644 1524 719 spectaculi
1567 661 1638 702 ac
1683 643 1933 720 despicit
1980 644 2173 703 omnia
2215 643 2471 703 humana
2514 661 2589 704 ex

335 745 636 820 superiore
695 746 846 804 loco.
943 745 1190 821 Singula
1247 765 1340 822 ap.
1384 744 1685 804 Plutarch.
1741 745 1814 804 de
1869 763 1987 804 ser..
2024 763 2178 804 num.
2222 745 2381 805 vind.
2426 763 2474 804 c.
2507 747 2587 804 22

334 865 394 922 p.
429 847 551 905 563
576 847 653 905 F:
715 839 858 908 εἶτα
915 839 1155 927 μικρὸν
1214 842 1520 928 ἐξαρθεὶς
1581 839 1809 926 ἔδοξεν
1870 835 2198 908 ἀναπνεῖν
2259 837 2419 920 ὅλος
2476 845 2587 908 καὶ

334 948 666 1031 περιορᾶν
707 943 1160 1030 πανταχόθεν,
1206 941 1432 1029 ὥσπερ
1479 943 1630 1022 ἑνὸς
1676 939 1969 1030 ὄμματος
2009 947 2435 1031 ἀνοιχθείσης
2474 949 2590 1033 τῆς

333 1052 572 1132 ψυχῆς.
649 1044 822 1132 ἑώρα
898 1048 968 1112 δὲ
1033 1052 1176 1113 τῶν
1239 1047 1581 1132 πρότερον
1650 1040 1851 1114 ου’δὲν
1917 1047 2060 1113 ἀλλ’
2126 1041 2165 1134 ἢ
2231 1047 2314 1112 τὰ
2384 1041 2591 1131 ἄστρα

337 1151 733 1236 παμμεγέθη
779 1151 890 1214 καὶ
936 1149 1276 1234 ἀπέχοντα
1320 1154 1592 1238 πλῆθος
1637 1149 1958 1239 ἀλλήλων
2002 1143 2318 1230 ἄπλετον,
2374 1148 2591 1237 αὐγήν

334 1276 412 1317 τε
471 1256 553 1336 τῇ
601 1249 770 1340 χρόᾳ
823 1251 1220 1338 θαυμαστὴν
1278 1245 1558 1334 ἀφιέντα
1612 1254 1726 1317 καὶ
1778 1251 1990 1318 τόνον
2042 1249 2356 1336 ἔχουσαν·
2418 1245 2590 1318 ὥστε

335 1351 463 1440 τὴν
519 1351 743 1442 ψυχὴν
801 1353 1260 1441 ἐποχουμένην
1321 1357 1512 1430 λείως
1572 1351 1723 1420 οἷον
1777 1347 2003 1441 ὥσπερ
2060 1355 2134 1420 ἐν
2188 1353 2441 1442 γαλήνῃ
2493 1359 2593 1439 τῷ

337 1463 518 1538 φωτὶ
572 1454 820 1544 ῥᾳδίως
873 1455 1098 1540 πάντῃ
1151 1459 1264 1522 καὶ
1317 1457 1481 1541 ταχὺ
1536 1458 1978 1543 διαφέρεσθαι
2034 1461 2106 1520 cf.
2152 1480 2209 1538 p.
2241 1461 2438 1520 565F
2490 1462 2591 1520 ubi

337 1565 661 1622 animarum
722 1564 938 1640 gaudia
995 1565 1056 1622 in
1112 1566 1278 1624 caelo
1334 1563 1608 1641 Orphieis
1664 1565 1957 1624 coloribus
2013 1565 2246 1640 expieta
2300 1568 2457 1638 sunt,
2518 1562 2591 1623 cf.

338 1655 642 1726 Dieterich
679 1667 958 1742 Nekgyiffl
1003 1686 1060 1742 p.
1092 1668 1227 1741 145,
1264 1668 1380 1725 147
1393 1687 1407 1740 3
1455 1667 1570 1728 Cic.
1602 1669 1779 1728 Tusc.
1818 1669 1847 1725 Ι
1879 1668 1977 1740 43,
2023 1667 2225 1726 Senec.
2265 1667 2340 1726 ad
2378 1667 2591 1740 Polyb.

340 1770 417 1829 de
469 1788 628 1830 conS.
681 1787 730 1830 c.
762 1773 818 1843 9,
851 1772 919 1841 33
979 1788 1138 1829 cone.
1185 1770 1261 1829 ad
1306 1772 1485 1830 Marc.
1522 1771 1616 1844 18,
1649 1772 1686 1828 2
1732 1771 2157 1847 (Reitzenstein
2200 1763 2593 1842 Poimandres

336 1890 397 1948 p.
431 1873 509 1948 6),
555 1873 722 1949 epist.
751 1873 887 1946 102,
912 1874 1019 1945 263
1063 1877 1182 1931 nat.
1221 1876 1444 1948 quaest.
1485 1873 1513 1931 I
1557 1871 1743 1949 praef.
1773 1873 1847 1930 13
1894 1873 1983 1934 ed.
2025 1872 2273 1933 Gercke.

511 1991 934 2051 Posterioribus
998 1993 1356 2068 temporibus
1419 1993 1616 2068 opinio
1676 2010 1795 2068 qua
1854 1991 2307 2051 demonstratur*
2339 1991 2593 2051 animam

337 2092 661 2154 ascendere
720 2093 795 2153 ad
855 2094 1050 2154 sidera
1108 2095 1305 2169 ibique
1363 2095 1550 2171 ipsam
1607 2093 1737 2153 fieri
1795 2095 2055 2168 stellam,
2115 2096 2294 2170 longe
2352 2096 2593 2169 lateque

338 2198 694 2273 pervulgata
761 2201 848 2256 est
911 2196 982 2256 cf.
1037 2197 1102 2255 L.
1141 2196 1532 2256 Friedlander
1592 2195 2114 2272 Sittenyeschichte
2169 2197 2293 2255 IV8
2348 2215 2405 2273 p.
2446 2198 2594 2268 3713

339 2298 676 2359 Hadrianus
729 2301 1045 2376 imperator
1098 2317 1226 2358 eam
1271 2300 1514 2376 agnovit
1569 2299 1643 2358 cf.
1686 2301 1871 2374 verba
1914 2317 2066 2374 quae
2112 2298 2185 2358 de
2232 2317 2301 2358 eo
2345 2299 2598 2358 Antinoi

339 2403 562 2462 obitum
594 2402 866 2462 deflente
920 2406 1123 2461 narrat
1167 2401 1399 2462 Cassius
1443 2403 1557 2461 Dio
1602 2403 1793 2462 LXIX
1823 2404 1895 2461 11
1946 2402 2058 2478 [111
2100 2421 2157 2478 p.
2188 2403 2311 2460 232
2356 2401 2595 2478 BoisS.]:

463 2551 476 2562 .
542 2501 654 2565 καὶ
718 2504 915 2578 τέλος
981 2498 1227 2586 ἀστέρα
1292 2497 1449 2567 τινὰ
1513 2491 1721 2579 αὐτός
1785 2524 1859 2567 τε
1920 2497 2092 2585 ὁρᾶν
2150 2497 2240 2577 ὥς
2299 2501 2411 2565 καὶ
2467 2501 2593 2565 τοῦ

333 2599 681 2667 Ἀντινόου
751 2598 918 2667 ὄντα
987 2599 1169 2687 ἔλεγε
1237 2600 1652 2686 (Ἀδριανός),
1722 2604 1836 2667 καὶ
1901 2605 2047 2667 τῶν
2112 2598 2464 2667 συνόντων
2530 2600 2595 2666 οἱ

337 2701 924 2789 μυθολογούντων
978 2702 1190 2793 ἡδέως
1241 2700 1491 2791 ἤκουεν
1546 2703 1620 2770 ἔκ
1678 2728 1749 2770 τε
1801 2707 1919 2793 τῆς
1972 2706 2192 2789 ψυχῆς
2234 2707 2362 2769 τοῦ
2396 2704 2595 2769 Ἀντι-

341 2804 510 2873 νόου
563 2803 784 2885 ὅντως
835 2804 958 2872 τὸν
1015 2800 1258 2893 ἀστέρα
1306 2812 1709 2894 γεγενῆσθαι
1752 2809 1863 2873 καὶ
1910 2804 2066 2874 τότε
2110 2809 2392 2891 πρῶτον
2438 2804 2595 2871 ἀνα-

340 2911 715 2997 πεφηκέναι
739 2914 783 2991 1)
813 2914 911 2991 (de
941 2916 1202 2973 Antinoo
1245 2914 1317 2973 cf.
1347 2915 1412 2973 P.
1445 2914 1518 2974 de
1547 2913 1798 2974 Rohden
1836 2934 1930 2991 ap.
1959 2915 2473 2988 Pauly—WissoW‘a
2503 2914 2531 2972 I
2554 2913 2591 2969 2

231 3090 239 3096 ἢ
341 3035 399 3093 p.
425 3018 633 3092 2439).
699 3016 997 3088 Quatenus
1033 3018 1184 3076 tales
1222 3018 1531 3093 opiniones
1568 3018 1744 3077 etiam
1774 3018 1955 3093 vulgo
1986 3033 2223 3093 sparsae
2254 3017 2371 3075 sint
2400 3018 2597 3075 elucet

343 3138 418 3179 ex
461 3119 936 3196 inscriptionibus
979 3114 1431 3195 sepulcralibus.

514 3240 608 3299 Ex
664 3240 875 3316 quibus
929 3243 1214 3317 supplens
1269 3260 1304 3300 a
1357 3240 1649 3301 Gundelio
1702 3172 1965 3317 prolatas
2017 3243 2152 3316 (1.1.
2204 3258 2261 3316 p.
2295 3240 2442 3316 230)
2496 3256 2596 3299 ex-

343 3344 580 3403 hibeam
623 3343 826 3403 hasce:
845 3343 894 3419 2)

343 3564 508 3632 Oorp.
533 3563 716 3618 Herm.
742 3561 794 3615 X
815 3567 842 3615 '1
882 3561 1067 3630 (beata
1101 3561 1298 3630 anima)
1345 3558 1428 3625 εἰς
1468 3555 1572 3616 τόν
1608 3564 1772 3616 θεῶν
1810 3554 1995 3632 χορὸν
2025 3556 2289 3631 χορεύει·
2329 3562 2497 3632 χοροὶ
2533 3558 2595 3617 δὲ

345 3645 447 3705 δύο
503 3651 682 3712 θεῶν,
738 3639 772 3702 ὁ
819 3645 928 3715 μὲν
977 3652 1095 3701 τῶν
1143 3643 1550 3715 πλανωμένων,
1604 3639 1635 3701 ὃ
1687 3644 1749 3703 δὲ
1797 3653 1916 3701 τῶν
1963 3640 2252 3712 ἀπλανῶν,
2305 3644 2404 3702 καὶ
2452 3636 2595 3715 αῧτη

345 3736 535 3805 ψυχῆς
569 3729 604 3803 ἦ
640 3727 975 3801 τελειοτάτη
1014 3728 1172 3797 δόξα.
1243 3732 1464 3787 Addam
1506 3733 1648 3788 hanc
1691 3732 1967 3788 stellarum
2013 3733 2165 3788 chori
2199 3732 2491 3803 imaginem
2526 3731 2598 3787 ad

347 3820 594 3876 Graecos
639 3823 888 3889 spectare
933 3818 1001 3873 cf.
1037 3817 1293 3887 Sophocl.
1320 3818 1505 3887 Antig.
1538 3822 1693 3871 1146:
1742 3810 1810 3871 ἰαὶ
1854 3823 1969 3887 πῦρ
2015 3810 2350 3871 πνευόντων
2393 3808 2596 3886 χοράγ’

345 3899 578 3975 ἄστρων
613 3903 682 3959 cf.
714 3905 900 3973 Eurip.
934 3903 1034 3958 Ion
1072 3908 1224 3972 10893
1262 3902 1464 3962 Tibull.
1493 3902 1617 3973 111,
1639 3908 1728 3957 87:
1768 3903 1968 3958 lascivo
2004 3902 2189 3957 sidera
2220 3901 2381 3973 fulva
2412 3900 2596 3968 chor03

345 3990 565 4047 Gundel
610 4008 664 4059 p.
691 3994 817 4058 2¹23
883 3989 1153 4044 Artemid.
1190 3989 1419 4045 onirocr.
1457 3988 1484 4043 I
1511 3994 1540 4043 3
1588 4005 1643 4057 p.
1670 3994 1730 4044 10
1778 3988 2047 4044 Hei-cher:
2100 3980 2306 4052 νυκτός
2352 3980 2602 4057 εὔσημος

344 4070 611 4146 ἀστέρων
642 4070 835 4146 χορός.

521 4180 562 4247 ¹)
599 4178 711 4233 Alii
744 4177 966 4233 tradunt
1001 4178 1301 4232 Antinoum
1333 4178 1388 4231 in
1425 4176 1551 4232 luna
1585 4177 1754 4231 vitam
1791 4176 1995 4247 degere
2036 4176 2249 4232 beatam
2285 4175 2357 4231 cf.
2386 4175 2599 4233 Tatian.

343 4281 426 4321 or.
463 4264 536 4319 ad
571 4263 764 4320 Graec.
802 4280 848 4319 c.
874 4268 934 4317 10
970 4264 1048 4333 (p.
1077 4268 1134 4318 11
1176 4263 1490 4331 Schwartz).

521 4350 564 4419 2)
599 4348 681 4404 Cf.
720 4349 792 4405 de
827 4348 997 4419 Sybel
1033 4348 1253 4404 Christl.
1284 4348 1486 4403 Antike
1517 4348 1546 4402 I
1587 4352 1718 4403 1906
1748 4365 1810 4418 .p.
1836 4353 1917 4404 68.

2258 4454 2287 4505 3
