3251 5125
708 384 784 442 14

873 576 921 616 c.
955 558 1034 616 30
1088 576 1144 634 p.
1177 557 1479 616 944Ds.:
1547 555 1881 618 Daemones
1940 559 2133 616 autem
2192 574 2312 616 11011
2364 573 2593 634 semper
2643 555 2706 614 in
2758 553 2969 615 lunari

703 659 1009 736 superficie
1061 663 1370 718 versantur
1422 658 1524 718 sed
1580 657 1944 718 descendunt
1996 660 2057 717 in
2108 663 2323 718 terram
2374 661 2438 718 ut
2480 661 2780 735 praestent
2822 675 2967 718 ora-

703 763 850 822 culis
905 762 1194 836 mysteriis
1247 761 1442 820 adsint
1492 761 1758 821 homines
1812 760 2107 821 adiuvent.
2195 762 2264 820 ln
2318 778 2433 836 quo
2479 762 2528 821 si
2572 778 2713 820 vero
2757 760 2963 820 indul-

704 869 843 940 gent
910 863 1326 939 cupiditatibus
1393 881 1613 938 poenas
1680 865 1848 922 luunt
1913 882 1982 922 ac
2048 881 2245 922 rursus
2308 865 2528 922 intrant
2590 865 2653 921 in
2718 867 2964 922 terrena

703 984 980 1042 corpora3
1034 967 1358 1025 nonnullae
1411 967 1548 1040 quia
1599 983 1763 1025 mens
1818 965 2029 1041 (νοῦς)
2081 968 2263 1028 solem
2310 969 2594 1042 appetens
2640 966 2712 1024 ab
2758 966 2964 1024 anima

702 1070 1024 1144 seiungitur
1074 1071 1136 1127 in
1175 1070 1348 1128 terris
1393 1070 1510 1126 vim
1553 1068 1825 1144 perdunt.
1913 1069 2129 1128 Anima
2175 1072 2366 1127 autem
2411 1070 2473 1126 in
2517 1070 2659 1126 luna
2701 1085 2766 1126 re
2810 1085 2963 1126 vera

703 1167 992 1232 εἴδωλον
1046 1173 1381 1247 appellatur
1434 1175 1609 1246 atque
1658 1174 1757 1230 aut
1798 1174 1924 1231 tota
1968 1191 2004 1230 a
2046 1173 2189 1229 luna
2233 1171 2553 1230 absumitur
2598 1173 2697 1229 aut
2740 1187 2960 1228 novam

702 1275 850 1350 petit
893 1278 1182 1334 terrenam
1227 1276 1426 1332 vitam.

876 1377 966 1435 De
1011 1376 1181 1435 huius
1226 1375 1413 1449 mythi
1455 1375 1713 1436 fontibus
1758 1375 1935 1435 hodie
1982 1375 2282 1436 doctorum
2326 1377 2582 1435 virorum
2628 1375 2962 1435 sententiae

705 1483 838 1539 sunt
890 1479 1176 1538 diversae.
1190 1481 1237 1554 1)
1323 1480 1568 1538 Nosmet
1618 1483 1684 1536 ut
1735 1478 1810 1538 ad
1864 1483 2089 1539 certum·
2136 1481 2547 1556 perveniamus
2600 1480 2819 1538 exitum
2864 1479 2959 1536 in-

705 1583 1020 1658 spiciamus
1064 1583 1177 1639 iam
1223 1580 1410 1655 mythi
1453 1583 1707 1656 singula.
1783 1581 1989 1640 Statim
2033 1584 2219 1656 liquet
2261 1583 2447 1640 multa
2483 1583 2545 1640 in
2584 1581 2787 1656 mytho
2825 1597 2959 1640 esse

706 1702 857 1761 quae
888 1687 1040 1742 inter
1071 1702 1133 1743 se
1165 1683 1518 1759 discrepant.
1577 1685 1747 1758 Nego
1779 1689 1970 1742 autem
2002 1690 2160 1743 recte
2188 1685 2538 1744 iudicavisse
2562 1684 2961 1744 R.Heinzium

707 1787 1047 1862 (Xenocrat.
1079 1804 1134 1861 p.
1155 1786 1299 1860 125)
1330 1787 1614 1853 dicentem
1646 1785 1795 1845 haec
1820 1787 1973 1846 inter
1994 1804 2058 1846 se
2082 1787 2475 1864 discrepantia
2496 1805 2615 1845 non
2638 1785 2959 1845 Plutarcho

707 1890 812 1950 sed
871 1890 926 1948 ei
984 1890 1085 1964 qui
1137 1890 1547 1964 compilaverit
1600 1889 1724 1948 eius
1776 1890 2072 1962 libellum,
2132 1907 2260 1948 esse
2314 1887 2718 1960 asscribenda;
2780 1890 2959 1946 immo

705 2009 847 2051 vero
915 1990 1269 2049 Plutarchus
1333 1993 1461 2066 ipse
1529 1993 1803 2066 quoniam
1862 1990 2087 2050 duobus
2145 1996 2209 2050 ut
2265 1990 2419 2049 infra
2474 1991 2659 2050 fusius
2718 1990 2959 2049 demon-

707 2096 984 2154 strabitur
1041 2110 1176 2153 usus
1235 2095 1310 2152 sit
1365 2093 1649 2166 fontibus,
1709 2096 1939 2153 locutus
2000 2099 2089 2153 est
2144 2095 2551 2170 repugnantia.
2638 2093 2763 2151 Iam
2818 2110 2959 2152 con-

707 2197 1026 2256 sideremus
1078 2198 1326 2271 singula.
1414 2195 1513 2255 Ad
1567 2214 1638 2255 ea
1682 2214 1833 2270 quae
1876 2198 1991 2254 iam
2036 2197 2315 2255 Heinsius
2361 2197 2425 2273 (1.
2455 2198 2497 2254 l.
2543 2214 2599 2271 p.
2629 2195 2773 2272 125)
2818 2213 2959 2254 con-

709 2301 845 2357 tulit
883 2299 1095 2358 addam
1135 2293 1448 2375 perpauca,
1495 2315 1544 2357 c.
1567 2300 1649 2356 28
1689 2317 1744 2374 p.
1771 2289 1893 2357 '943
1917 2299 1972 2358 D
2012 2300 2189 2374 legis:
2236 2300 2642 2358 corroboratas
2680 2300 2741 2356 in
2779 2300 2960 2357 lunae

708 2399 1014 2478 superficie
1067 2401 1289 2460 animas
1343 2399 1557 2474 gaudio
1610 2399 1884 2475 perfundi
1935 2401 2073 2475 quia
2125 2417 2288 2460 mens
2334 2401 2543 2459 vicerit
2587 2399 2961 2476 cupiditate5‚

708 2635 910 2691 πεδίον
965 2630 1204 2700 εἰκότως
1255 2629 1593 2705 προσειπὼν
1647 2630 1749 2703 τὴν
1803 2640 1903 2704 τῆς
1956 2632 2195 2703 σελήνης
2245 2629 2587 2705 ἐπιφάνειαν
2634 2626 2746 2689 ὑπὸ
2795 2626 2959 2703 ἡλίου

711 2716 1234 2790 καταλαμπομένην
1272 2712 1397 2790 „b'z’
1436 2714 1657 2786 ἀέξεται
1698 2714 1861 2775 ἁλίου
1900 2713 2132 2789 αὖγαῖς“
2172 2712 2251 2783 ὥς
2287 2739 2426 2791 φησι
2463 2716 2757 2787 Τιμόθεος
2792 2722 2876 2789 (P.
2897 2721 2957 2775 L.

711 2808 802 2863 Gr.
822 2808 936 2862 111⁴
969 2825 1019 2876 p.
1045 2812 1142 2861 620
1173 2808 1364 2876 fragm.
1386 2812 1442 2876 33
1475 2806 1841 2861 Wilamowitz
1875 2805 2195 2861 Timotheos'
2214 2807 2413 2861 Perser
2438 2824 2493 2877 p.
2514 2811 2608 2860 114
2632 2806 2825 2875 fragm.
2841 2808 2956 2873 29);

711 2894 782 2948 cf.
821 2894 973 2949 Serv.
1011 2894 1082 2947 ad
1118 2894 1256 2947 Aen.
1282 2892 1361 2947 VI
1388 2898 1515 2947 64οε
1549 2892 1745 2959 'campi
1780 2892 1972 2961 Elysii
2007 2894 2107 2945 aut
2140 2892 2291 2960 apud
2324 2892 2535 2961 inferos
2570 2896 2724 2959 sunt,
2761 2894 2860 2945 aut
2893 2891 2958 2944 in

710 2979 915 3033 insulis
948 2978 1269 3049 fortunatis,
1306 2981 1406 3031 aut
1439 2977 1504 3031 in
1539 2977 1731 3031 lunari
1765 2978 1983 3044 circula,
2022 2977 2175 3032 Serv.
2210 2978 2283 3032 ad
2318 2979 2456 3032 Aen.
2482 2977 2561 3033 VI
2588 2982 2685 3031 887
2700 2998 2711 3031 :
2749 2977 2958 3032 locutus

711 3070 892 3119 autem
939 3067 1017 3119 est
1063 3064 1356 3118 secundum
1402 3080 1512 3132 eos,
1561 3064 1658 3131 qui
1695 3066 1905 3131 putant
1941 3064 2201 3133 Elysium
2237 3064 2485 3118 lunarem
2520 3080 2629 3118 esse
2663 3062 2955 3131 circulum3

710 3167 762 3205 v.
796 3150 884 3205 Fr.
912 3150 1148 3205 Cumont
1189 3150 1304 3203 Die
1347 3148 1765 3205 orientalisehen
1800 3149 2131 3218 Reliyionen
2173 3149 2252 3203 im
2286 3148 2596 3226 romischen'
2624 3148 2959 3203 Heidentum

715 3240 844 3291 1910
879 3253 931 3306 p.
958 3240 1056 3290 295
1093 3236 1278 3290 adnot.
1306 3240 1386 3290 65.

883 3340 928 3407 1)
973 3338 1323 3392 Plutarchum
1368 3353 1398 3391 e
1442 3337 1739 3392 Posidonio
1784 3337 2029 3392 hausisse
2074 3339 2195 3393 solo
2242 3342 2551 3392 statuerunt
2585 3337 2643 3392 C.
2669 3337 2963 3391 Praechter

669 3490 674 3497 ί
711 3424 1002 3479 Hierokles
1050 3424 1144 3477 der
1176 3423 1394 3479 Stoiker
1436 3440 1489 3492 p.
1515 3427 1635 3491 109,
1682 3422 1751 3476 M.
1778 3422 1953 3477 Adler
1996 3423 2205 3492 Quibus
2246 3441 2313 3476 ex
2346 3423 2595 3492 fontibus
2628 3422 2961 3477 Plutarchus
3069 3413 3077 3419 ’

714 3510 955 3564 libellum
1001 3509 1065 3563 de
1110 3509 1256 3579 facie
1301 3509 1364 3563 in
1409 3508 1535 3563 orbe
1578 3509 1743 3562 lunae
1785 3508 2053 3576 hauserit,
2104 3509 2233 3563 diss.
2270 3509 2402 3578 phil.
2427 3508 2739 3565 Vindobon.
2775 3508 2884 3568 vol.
2908 3508 2963 3561 X

715 3600 844 3650 1910
881 3612 937 3663 p.
963 3600 1027 3649 84
1047 3612 1146 3663 ss.;
1195 3594 1412 3649 Norden
1447 3593 1647 3664 Vergil.
1675 3595 1809 3647 Aen.
1836 3593 1917 3649 VI
1926 3596 1947 3628 2
1983 3610 2036 3663 p.
2065 3599 2128 3648 25
2148 3610 2208 3663 s.‚
2251 3594 2311 3648 F.
2340 3594 2575 3649 Cumont
2610 3594 2664 3647 la
2700 3593 2963 3662 theoloyie

712 3682 913 3737 solaire
956 3682 1032 3735 du
1065 3682 1394 3751 paganisme
1427 3680 1671 3735 Romaim
1714 3680 2025 3748 (Memoires
2066 3679 2355 3750 presentes
2390 3696 2489 3750 par
2523 3680 2705 3734 divers
2739 3682 2963 3734 savants

711 3768 744 3821 a
777 3764 1094 3821 l’academie
1131 3768 1230 3821 des
1264 3766 1613 3835 inscrIptions
1652 3772 1709 3819 et
1742 3764 2153 3820 belles-lettres
2188 3766 2259 3821 de
2290 3766 2542 3821 l’institut
2571 3767 2641 3820 de
2673 3765 2725 3819 la
2754 3766 2963 3819 France

712 3852 871 3907 Tom.
902 3852 1066 3905 X112
1118 3856 1270 3917 1903)
1318 3868 1374 3919 p.
1401 3857 1499 3905 464
1547 3852 1731 3905 adnot.
1761 3856 1815 3915 33
1869 3851 1960 3906 alii
2007 3858 2203 3924 putant
2249 3852 2511 3919 quasdam
2558 3851 2733 3920 mythi
2776 3856 2966 3919 partes

713 3938 976 4006 originem
1041 3937 1242 3991 ducere
1302 3952 1332 3991 e
1390 3937 1701 3991 Xenocrate
1768 3936 1834 3991 cf.
1895 3938 1962 3990 R.
2000 3936 2203 3991 Heinze
2266 3936 2600 3991 Xenocrates
2662 3953 2717 4005 p.
2747 3941 2842 3990 138
2862 3951 2933 3990 ss.
2945 3957 2962 4003 3

714 4022 952 4076 Pohlenz
998 4023 1128 4077 Vom
1176 4022 1355 4077 Zorne
1400 4022 1591 4076 Gottes
1636 4039 1689 4092 p.
1721 4027 1815 4075 131
1862 4022 2047 4078 adnot.
2096 4022 2513 4091 (Forschungen
2568 4038 2662 4076 zur
2707 4022 2965 4090 Religion

713 4108 826 4162 und
864 4109 1129 4162 Literatur
1165 4109 1264 4162 des
1299 4108 1444 4162 alten
1480 4109 1592 4161 und
1628 4124 1806 4162 neuen
1842 4108 2188 4163 Testaments
2224 4108 2351 4163 edd.
2384 4109 2624 4162 Bousset
2658 4113 2715 4161 et
2744 4106 2967 4163 Grunkel

711 4194 821 4247 ΧΠ
862 4196 1040 4259 1909),
1089 4194 1241 4263 quod
1286 4210 1472 4248 rursus
1519 4196 1574 4248 in
1619 4194 1844 4248 dubium
1880 4201 2047 4249 vocat
2084 4195 2150 4247 K.
2176 4194 2397 4249 Gronau
2432 4192 2813 4263 (Poseidonios
2847 4192 2966 4247 und

715 4280 804 4333 die
839 4280 1418 4349 jitdisch-christliche
1466 4279 1911 4349 Genesiseaeeyese
1956 4297 2011 4348 p.
2037 4286 2135 4334 266
2180 4281 2363 4335 adnot.
2394 4280 2445 4348 1)
2496 4280 2591 4349 qui
2638 4281 2758 4350 ipse
2807 4279 2989 4354 ponit·

713 4365 1060 4421 Plutarchum
1095 4366 1381 4421 Posidonii
1416 4366 1693 4421 doctrinas
1727 4368 1834 4421 iam
1870 4371 2231 4421 commutatas
2264 4366 2554 4437 recepisse.
