3251 5125
651 377 730 437 42

648 543 938 624 τούτους
981 553 1084 627 (sc.
1124 551 1248 615 τοῦ
1289 545 1548 626 παντὸς
1592 544 1873 629 τόπους)
1914 546 2351 634 (Ηρακλείδην
2387 548 2509 632 μὲν
2554 543 2676 614 τὸν
2724 551 2897 614 ΙΙον-

648 646 840 715 τικόν
901 640 1246 735 ἀφορίζειν
1306 651 1460 734 περὶ
1514 649 1642 738 τὴν
1694 651 2038 735 γαλαξίαν,
2100 643 2347 728 ἄλλους
2401 650 2471 715 δὲ
2522 645 2683 716 καθ’
2738 641 2899 728 ὅλας

648 756 778 817 τοῦ
828 743 1131 837 ου’ρανοῦ
1189 751 1310 828 τὰς
1362 752 1672 838 σφαίρας,
1733 751 1849 832 ἀφ’
1900 743 1998 816 ὦν
2053 748 2135 835 δὴ
2192 752 2389 835 δεῦρο
2435 752 2736 817 κατιέναι
2780 749 2898 829 τὰς

649 849 879 937 ψυχάς.
901 860 944 933 1)
1058 857 1221 930 Quae
1287 857 1566 918 videlicet
1637 857 1893 934 legenda
1959 860 2085 917 erat
2148 859 2207 916 in
2273 857 2606 918 Heraclidis
2672 860 2897 918 Pontici

646 952 1116 1042 Ἐμπεδότιμος
1173 950 1215 1045 ἢ
1267 957 1420 1041 περὶ
1472 960 1615 1021 τῶν
1668 955 1741 1022 ἐν
1795 954 2064 1042 οὐρανῷ
2084 960 2133 1037 2)
2188 960 2425 1036 dialogo
2479 961 2551 1020 cf.
2596 961 2791 1021 Procl.
2835 962 2897 1020 in

821 1176 864 1244 1)
899 1175 983 1230 Of.
1009 1175 1178 1230 Diels.
1207 1175 1353 1231 Mus.
1379 1175 1555 1232 Rhcn.
1582 1175 1824 1231 XXXIV
1858 1180 1988 1231 1879
2023 1193 2075 1245 p.
2101 1179 2231 1231 489:
2268 1175 2365 1230 Da
2393 1175 2722 1230 Heraklides
2752 1177 2896 1231 Pon-

648 1261 797 1332 tikus
830 1260 1056 1315 dieselbe
1089 1261 1326 1316 Ansicht
1363 1263 1455 1329 (ec.
1493 1278 1600 1316 von
1636 1262 1740 1316 den
1774 1261 1959 1316 Seelen
1996 1260 2059 1315 in
2094 1260 2189 1316 der
2220 1260 2624 1330 Milchatrafse)
2662 1262 2895 1330 ver-tritt,

647 1363 706 1402 so
757 1346 946 1416 yzhort
994 1346 1074 1402 sie
1125 1345 1239 1402 also
1293 1347 1398 1402 den
1449 1347 1660 1402 &lieren
1707 1347 2121 1417 Pythaqoreern
2170 1363 2244 1401 an
2294 1390 2305 1401 .
2343 1388 2355 1401 .
2396 1389 2406 1401 .
2421 1369 2436 1412 ;
2492 1347 2561 1402 cf.
2608 1347 2673 1402 G.
2705 1348 2896 1404 Thiele

648 1431 851 1487 Antike
886 1432 1332 1487 Himmelsbilder
1365 1451 1419 1502 p.
1446 1439 1556 1488 148.

818 1537 864 1601 2)
899 1534 1038 1589 Inde
1069 1534 1432 1605 colligendum
1462 1536 1683 1604 putavit
1708 1535 1958 1590 Rohdius
1984 1533 2101 1604 (Pe.
2130 1535 2217 1588 11²
2248 1552 2301 1603 p.
2322 1538 2389 1589 94
2417 1522 2605 1590 adnot.
2626 1537 2675 1605 1)
2700 1535 2896 1605 Empe-

650 1620 913 1675 dotimum
959 1636 1080 1676 esse
1124 1620 1256 1675 nihil
1300 1621 1404 1676 nisi
1439 1620 1751 1676 Heraclidis
1791 1621 1995 1690 dialogi
2028 1636 2317 1690 personam
2353 1621 2535 1675 fictam
2572 1637 2751 1690 neque
2786 1638 2896 1677 om-

647 1706 775 1761 nino
809 1721 870 1760 re
905 1720 1036 1760 vera
1069 1707 1287 1761 vixisse.
1360 1706 1559 1761 Fateor
1596 1721 1684 1761 me
1717 1707 1772 1761 in
1808 1705 1911 1760 hac
1946 1707 2218 1761 sententia
2251 1705 2412 1774 plane
2448 1707 2740 1761 dissentire
2776 1723 2896 1761 cum

647 1791 767 1845 viro
791 1807 1018 1846 summo.
1065 1793 1281 1846 Etenim
1306 1792 1536 1860 primum
1562 1791 1754 1846 dubito
1779 1807 1908 1846 num
1930 1791 2095 1846 liceat
2119 1807 2187 1846 ex
2214 1807 2281 1846 eo
2310 1790 2461 1860 quod
2482 1791 2898 1861 Empedotimus

647 1877 894 1932 interfuit
936 1876 1162 1945 dialogo
1204 1876 1421 1931 cuidam
1458 1877 1766 1932 Heraclidis
1802 1876 2061 1946 colligere
2098 1877 2241 1932 hunc
2277 1877 2497 1931 omnino
2532 1892 2638 1931 non
2677 1877 2899 1933 vixisse.

647 1962 789 2016 Dein
842 1967 1022 2017 autem
1067 1961 1274 2031 Rohdii
1319 1963 1624 2017 sententiae
1674 1962 1750 2016 nil
1796 1962 1985 2016 favent
2031 1961 2137 2016 alia
2182 1962 2507 2017 testimonia.
2590 1962 2653 2016 In
2701 1963 2899 2032 quibus

649 2047 1064 2116 Empedotimus
1109 2048 1162 2102 in
1210 2053 1548 2102 vetustorum
1596 2063 1824 2102 numero
1865 2047 2099 2102 refertur
2134 2052 2319 2101 vatum
2357 2062 2544 2102 eorum
2581 2049 2674 2118 qui
2709 2053 2901 2118 postea

650 2133 812 2186 variis
869 2131 1084 2188 fabellis
1142 2148 1207 2187 ac
1263 2132 1430 2187 rebus
1481 2133 1631 2186 miris
1686 2133 1837 2202 quasi
1890 2132 2016 2188 velo
2072 2133 2464 2187 circumvestiti
2516 2138 2575 2188 et
2626 2133 2901 2189 obscurati

650 2222 801 2283 sunt,
838 2217 1109 2272 Aristeam
1148 2217 1272 2272 dico
1305 2216 1761 2285 Proconnesium,
1800 2218 2189 2287 Pythagoram,
2228 2217 2621 2287 Empedoclem
2656 2217 2796 2274 alios
2831 2218 2900 2274 cf.

650 2301 819 2356 Clem.
855 2301 1014 2356 Alex.
1051 2307 1236 2357 strom.
1273 2301 1300 2356 I
1343 2319 1388 2356 c.
1415 2307 1474 2356 21
1521 2303 1597 2372 [11
1634 2319 1689 2370 p.
1716 2307 1780 2357 82
1816 2301 1919 2372 St]
1956 2297 2284 2371 προγνώσει
2322 2299 2383 2358 δὲ
2419 2304 2512 2356 καὶ
2550 2296 2902 2374 Πυθαγόρας

651 2380 683 2440 ὁ
728 2382 912 2456 μέγας
957 2393 1342 2457 προσανεῖχεν
1387 2381 1476 2442 άεὶ
1515 2382 1740 2458 ’Ἀβαρίς
1786 2406 1847 2442 τε
1897 2379 1931 2441 ὁ
1966 2380 2371 2458 Ὺπερβόρειος
2412 2391 2508 2442 καὶ
2544 2381 2828 2459 Ἀριστέας
2864 2383 2899 2444 ὁ

650 2468 1079 2541 Προκοννήσιος
1112 2467 1463 2541 Ἐπιμενίδης
1497 2491 1561 2526 τε
1599 2465 1631 2526 ὃ
1672 2467 1841 2542 Κρής,
1884 2463 2047 2534 ὅστις
2085 2468 2166 2536 εἰς
2196 2467 2469 2544 Σπάρτην
2506 2466 2765 2543 ἀφίκετο,
2802 2472 2901 2530 καὶ

655 2550 1034 2630 Ζωροάστρης
1079 2551 1110 2613 ὁ
1165 2559 1360 2629 Μῆδος
1397 2551 1783 2628 Ἐμπεδοκλῆς
1830 2576 1893 2613 τε
1939 2551 1969 2612 ὁ
2017 2552 2446 2629 Ἀκραγαντῖνος
2488 2557 2584 2615 καὶ
2628 2559 2902 2629 Φορμίων

652 2636 686 2698 ὁ
730 2638 962 2709 Λάκων,
1012 2642 1106 2699 ναὶ
1152 2639 1270 2714 μήν
1317 2638 1691 2713 Πολυάρατος
1738 2638 1768 2697 ὃ
1815 2638 2025 2708 θάσιος
2067 2638 2477 2712 Ἐμπεὸότιμός
2524 2663 2585 2699 τε
2634 2638 2665 2700 ὃ
2718 2648 2901 2716 Συρα-

648 2726 887 2793 κούσιος
936 2726 1026 2783 ἐπί
1075 2748 1138 2785 τε
1183 2724 1412 2795 τούτοις
1460 2722 1780 2799 Σωκράτης
1826 2722 1858 2783 ὁ
1902 2721 2196 2799 Ἀθηναῖος
2240 2722 2518 2796 μάλιστα,
2565 2730 2634 2784 ef.
2672 2730 2900 2799 Gregor.

649 2817 778 2871 Naz.
824 2830 984 2869 carm.
1027 2814 1133 2869 117
1183 2816 1348 2885 [Patr.
1383 2816 1475 2870 Gr.
1520 2820 1653 2869 tom.
1692 2814 1958 2869 XXXVII
1985 2820 2013 2867 3
2064 2815 2296 2886 p.1573]
2346 2832 2396 2869 v.
2424 2820 2551 2870 286:
2599 2808 2901 2885 ‘'Boenasg,

641 2892 1034 2969 Ἐμπεδότιμε,
1081 2892 1400 2970 Τροφώνιε,
1437 2894 1645 2969 λήξατε
1681 2893 1917 2967 μύθωνς
1956 2899 2128 2954 addas
2161 2900 2325 2969 Greg.
2350 2900 2482 2955 Naz.
2508 2916 2665 2955 carm.
2693 2900 2896 2978 1179st

649 2983 820 3057 [Patr.
847 2986 938 3041 Gr.
974 2991 1105 3041 tom.
1137 2985 1434 3043 XXXVIII
1463 2992 1493 3040 4
1539 3003 1593 3055 p.
1621 2986 1736 3055 47],
1791 2984 1936 3040 idem
1980 2986 2035 3039 in
2082 2990 2213 3040 orat.
2247 2985 2325 3040 IV
2348 2990 2411 3040 59
2450 2986 2615 3055 [Patr.
2640 2986 2733 3040 Gr.
2769 2991 2900 3041 tom.

541 3137 544 3141 A
649 3072 906 3128 XXXVI
946 3088 1001 3141 p.
1027 3071 1184 3126 581ss
1217 3076 1275 3126 et
1303 3071 1397 3142 C]:
1435 3065 1844 3139 Ἐμπεδοκλεῖς
1878 3068 1973 3125 καὶ
2008 3064 2308 3137 Ἀρισταῖοι
2344 3072 2443 3124 καὶ
2482 3062 2897 3139 Ἐμπεδότιμοι.

649 3158 840 3211 Iulian.
879 3171 964 3226 ep.
1001 3156 1192 3225 fragm.
1225 3157 1389 3211 295ss
1435 3157 1512 3226 [p.
1541 3160 1641 3210 379
1678 3155 1903 3226 Hertl.]:
1952 3148 2041 3226 ἆρ’
2086 3150 2192 3209 οὐκ
2236 3149 2582 3226 ἀνθρώπους
2621 3150 2906 3225 χρηστοΰς

651 3234 996 3298 ἀπέκτειναν
1026 3239 1249 3306 πολλοὶ,
1281 3236 1557 3312 καθάπερ
1591 3237 1873 3311 Σωκράτη
1906 3239 2000 3295 καὶ
2024 3242 2213 3295 Δίωνα
2246 3243 2343 3295 καὶ
2372 3236 2474 3295 τόν
2497 3236 2684 3311 μέγαν
2707 3232 2904 3307 Ἐμπε-

650 3324 917 3395 eduum»,-
962 3328 1200 3393 Quanam
1229 3332 1408 3382 aetate
1437 3326 1637 3382 vixerit
1658 3326 2077 3395 Empedotimus
2104 3326 2265 3395 plane
2290 3327 2565 3393 incertum
2582 3332 2684 3382 est.
2729 3327 2903 3383 Varro

574 3411 579 3417 '
649 3418 760 3483 (ap.
797 3412 949 3469 Serv.
993 3412 1062 3467 ad
1107 3412 1274 3481 Verg.
1313 3412 1516 3481 Georg.
1553 3410 1580 3465 I
1607 3416 1701 3477 343
1749 3410 1941 3481 Canal,
1988 3411 2143 3467 Varr.
2189 3426 2314 3480 app.
2350 3428 2404 3481 p.
2428 3414 2558 3466 1413
2602 3411 2793 3483 fragm.
2820 3418 2903 3481 74,

650 3499 760 3555 Sat.
796 3497 1036 3568 Menipp.
1074 3496 1168 3553 rel.
1204 3514 1258 3567 p.
1289 3501 1387 3551 233
1426 3497 1518 3565 R„
1556 3497 1703 3552 Voss
1740 3514 1793 3565 p.
1823 3502 1887 3551 58
1922 3496 2114 3566 fragm.
2139 3499 2232 3566 42)
2278 3512 2343 3552 ac
2379 3496 2628 3553 Clemens
2663 3498 2903 3553 Alexan-

651 3585 837 3639 drinus
871 3584 908 3638 l.
927 3583 962 3637 1.
1000 3599 1121 3638 eum
1159 3582 1436 3653 appellant
1463 3582 1895 3653 Syracusanum;
1933 3582 2003 3635 de
2033 3587 2209 3637 morte
2241 3581 2311 3637 cf.
2339 3581 2530 3637 Iulian.
2561 3582 2668 3651 l.1.,
2706 3582 2905 3638 Suidas

649 3687 692 3726 s.
711 3687 764 3726 v.
803 3660 1213 3739 Ἐμπεδότιμος
1257 3670 1308 3725 ei
1351 3670 1513 3725 etiam
1546 3670 1794 3724 libellum
1831 3669 2056 3724 ascribit
2089 3670 2223 3739 περὶ
2260 3674 2509 3739 φυσικῆς
2546 3661 2901 3738 ἀκροάσεως.

650 3757 883 3811 Tantum
937 3759 1151 3810 constat
1201 3756 1254 3809 ei
1307 3755 1606 3825 contigisse
1654 3754 1971 3809 facultatem
2020 3755 2300 3809 divinandi
2348 3770 2412 3809 ac
2459 3754 2709 3809 fabulose
2754 3755 2907 3808 varia

651 3841 931 3897 enarrandi
961 3841 1031 3895 cf.
1058 3841 1223 3911 Greg.
1248 3840 1378 3895 Naz.
1408 3846 1543 3895 orat.
1569 3839 1651 3895 IV
1670 3844 1735 3894 59
1768 3840 1935 3909 [Patr.
1956 3839 2150 3894 Graec.
2174 3839 2426 3894 XXXV1
2462 3856 2516 3908 p.
2538 3844 2629 3893 581
2650 3840 2694 3893 Β
2726 3844 2785 3893 et
2810 3838 2903 3909 C]:

652 3922 709 3981 οὶ
751 3923 812 3983 δὲ
857 3927 956 3995 (sc.
991 3919 1292 3996 Ἀρισταῖοι
1338 3927 1436 3980 καὶ
1481 3918 1891 3992 Ἐμπεδότιμοι
1936 3922 2036 3978 καὶ
2086 3919 2434 3994 Τροφώνιοι)
2482 3915 2711 3987 άδύτοις
2754 3925 2904 3979 τισὶν

653 4005 892 4074 ἑαυτούς
935 4005 1333 4080 ἐγκρύψαντες
1373 4003 1492 4065 ὖπό
1529 4014 1630 4079 τῆς
1668 4001 1845 4079 αὐτῆς
1881 4006 2061 4064 νόσου
2096 4007 2197 4064 καὶ
2234 4010 2556 4079 φιλαυτίας,
2605 4001 2705 4064 εἶτ’
2746 4004 2904 4077 ἐλεγ-

647 4090 893 4165 χθέντες
923 4089 991 4151 οὖ
1019 4098 1240 4162 μᾶλλον
1275 4090 1342 4151 ἐκ
1374 4100 1475 4164 τῆς
1507 4098 1733 4165 κλοπῆς
1766 4091 2122 4164 ἐτιμήθησαν
2150 4088 2185 4163 ἢ
2216 4090 2282 4148 ἐκ
2306 4100 2409 4149 τοῦ
2434 4090 2511 4163 μὴ
2538 4097 2741 4165 λαβεῖν
2764 4098 2905 4148 xa&

649 4177 1030 4253 υβρίσθησαν.
1101 4182 1261 4235 Hunc
1303 4185 1485 4236 vatem
1531 4181 1665 4235 satis
1709 4182 1901 4236 mirum
1945 4185 2145 4249 postea
2180 4180 2505 4235 Heraclides
2538 4181 2805 4235 Ponticus
2850 4180 2906 4233 in

650 4267 926 4336 dialogum
979 4268 1111 4337 περὶ
1167 4271 1282 4321 τῶν
1335 4262 1394 4321 ἐν
1450 4256 1681 4338 ου’ρανῷ
1734 4266 1948 4321 induxit
2002 4282 2069 4321 ac
2114 4266 2435 4335 loquentem
2485 4282 2608 4320 eum
2654 4265 2789 4320 fecit
2834 4265 2907 4320 de

648 4353 813 4409 rebus
859 4352 1188 4408 caelestibus
1234 4351 1303 4407 cf.
1329 4352 1406 4409 Gr.
1432 4351 1775 4408 Studemund
1820 4350 2081 4407 Anecdot.
2120 4350 2283 4407 varia
2324 4350 2433 4407 vol.
2459 4351 2515 4405 II
2554 4368 2608 4423 p.
2629 4354 2695 4405 64
2731 4350 2906 4420 (Voss
