<?xml version="1.0" encoding="UTF-8"?>
<!DOCTYPE html PUBLIC "-//W3C//DTD XHTML 1.0 Transitional//EN"
    "http://www.w3.org/TR/xhtml1/DTD/xhtml1-transitional.dtd">
<html xmlns="http://www.w3.org/1999/xhtml" xml:lang="en" lang="en">
 <head>
  <title>
</title>
<meta http-equiv="Content-Type" content="text/html;charset=utf-8" />
  <meta name='ocr-system' content='tesseract 3.04.00' />
  <meta name='ocr-capabilities' content='ocr_page ocr_carea ocr_par ocr_line ocrx_word'/>
</head>
<body>
  <div class='ocr_page' id='page_1' title='image "./delvnastellisla00capegoog_0013.png"; bbox 0 0 3251 5125; ppageno 0'>
   <div class='ocr_carea' id='block_1_1' title="bbox 2530 393 2565 458">
    <p class='ocr_par' dir='ltr' id='par_1_1' title="bbox 2530 393 2565 458">
     <span class='ocr_line' id='line_1_1' title="bbox 2530 393 2565 458; baseline 0 0"><span class='ocrx_word' id='word_1_1' title='bbox 2530 393 2565 458; x_wconf 78' lang='lat'><strong>3</strong></span> 
     </span>
    </p>
   </div>
   <div class='ocr_carea' id='block_1_2' title="bbox 319 571 2577 1572">
    <p class='ocr_par' dir='ltr' id='par_1_2' title="bbox 319 571 2577 1572">
     <span class='ocr_line' id='line_1_2' title="bbox 320 571 2569 651; baseline 0.001 -19"><span class='ocrx_word' id='word_1_2' title='bbox 320 571 591 635; x_wconf 82' lang='lat' dir='ltr'><strong>redolere</strong></span> <span class='ocrx_word' id='word_1_3' title='bbox 635 573 822 634; x_wconf 88' lang='lat' dir='ltr'><strong>visum</strong></span> <span class='ocrx_word' id='word_1_4' title='bbox 869 578 956 634; x_wconf 91' lang='lat' dir='ltr'><strong>est</strong></span> <span class='ocrx_word' id='word_1_5' title='bbox 1000 572 1421 651; x_wconf 81' lang='lat' dir='ltr'><strong>antiquitatem.</strong></span> <span class='ocrx_word' id='word_1_6' title='bbox 1503 572 1729 633; x_wconf 85' lang='lat' dir='ltr'><strong>Lunam</strong></span> <span class='ocrx_word' id='word_1_7' title='bbox 1776 571 2037 633; x_wconf 88' lang='lat' dir='ltr'><strong>videmus</strong></span> <span class='ocrx_word' id='word_1_8' title='bbox 2082 575 2395 650; x_wconf 88' lang='lat' dir='ltr'><strong>cogitatam</strong></span> <span class='ocrx_word' id='word_1_9' title='bbox 2440 592 2569 634; x_wconf 86' lang='lat' dir='ltr'><strong>esse</strong></span> 
     </span>
     <span class='ocr_line' id='line_1_3' title="bbox 319 676 2569 761; baseline -0 -25"><span class='ocrx_word' id='word_1_10' title='bbox 319 679 592 737; x_wconf 87' lang='lat' dir='ltr'><strong>tellurem</strong></span> <span class='ocrx_word' id='word_1_11' title='bbox 637 679 1047 737; x_wconf 77' lang='lat' dir='ltr'><strong>miraculorum</strong></span> <span class='ocrx_word' id='word_1_12' title='bbox 1093 678 1346 761; x_wconf 84' lang='lat' dir='ltr'><strong>cuiusvis</strong></span> <span class='ocrx_word' id='word_1_13' title='bbox 1391 677 1622 752; x_wconf 86' lang='lat' dir='ltr'><strong>generis</strong></span> <span class='ocrx_word' id='word_1_14' title='bbox 1646 676 1999 752; x_wconf 80' lang='lat' dir='ltr'><strong>·feraoem.1)</strong></span> <span class='ocrx_word' id='word_1_15' title='bbox 2069 678 2249 752; x_wconf 87' lang='lat' dir='ltr'><strong>Vulgi</strong></span> <span class='ocrx_word' id='word_1_16' title='bbox 2292 694 2325 736; x_wconf 89' lang='lat' dir='ltr'><strong>e</strong></span> <span class='ocrx_word' id='word_1_17' title='bbox 2369 694 2569 754; x_wconf 89' lang='lat' dir='ltr'><strong>super-</strong></span> 
     </span>
     <span class='ocr_line' id='line_1_4' title="bbox 321 773 2570 856; baseline 0 -18"><span class='ocrx_word' id='word_1_18' title='bbox 321 781 654 840; x_wconf 86' lang='lat' dir='ltr'><strong>stitionibus</strong></span> <span class='ocrx_word' id='word_1_19' title='bbox 697 781 977 855; x_wconf 82' lang='lat' dir='ltr'><strong>originem</strong></span> <span class='ocrx_word' id='word_1_20' title='bbox 1025 780 1182 839; x_wconf 90' lang='lat' dir='ltr'><strong>ducit</strong></span> <span class='ocrx_word' id='word_1_21' title='bbox 1226 779 1383 855; x_wconf 88' lang='lat' dir='ltr'><strong>quod</strong></span> <span class='ocrx_word' id='word_1_22' title='bbox 1425 779 1929 854; x_wconf 79' lang='lat' dir='ltr'><strong>Pythagoreorum</strong></span> <span class='ocrx_word' id='word_1_23' title='bbox 1975 780 2247 838; x_wconf 90' lang='lat' dir='ltr'><strong>nonnulli</strong></span> <span class='ocrx_word' id='word_1_24' title='bbox 2288 773 2570 856; x_wconf 80' lang='lat' dir='ltr'><strong>imprimis</strong></span> 
     </span>
     <span class='ocr_line' id='line_1_5' title="bbox 322 881 2571 958; baseline -0 -17"><span class='ocrx_word' id='word_1_25' title='bbox 322 881 631 941; x_wconf 79' lang='lat' dir='ltr'><strong>Philolaus</strong></span> <span class='ocrx_word' id='word_1_26' title='bbox 662 882 933 942; x_wconf 80' lang='lat' dir='ltr'><strong>docuisse</strong></span> <span class='ocrx_word' id='word_1_27' title='bbox 961 882 1226 941; x_wconf 83' lang='lat' dir='ltr'><strong>feruntur</strong></span> <span class='ocrx_word' id='word_1_28' title='bbox 1254 884 1432 941; x_wconf 90' lang='lat' dir='ltr'><strong>lunae</strong></span> <span class='ocrx_word' id='word_1_29' title='bbox 1463 881 1827 958; x_wconf 88' lang='lat' dir='ltr'><strong>superficiem</strong></span> <span class='ocrx_word' id='word_1_30' title='bbox 1859 883 2063 940; x_wconf 87' lang='lat' dir='ltr'><strong>efferre</strong></span> <span class='ocrx_word' id='word_1_31' title='bbox 2086 881 2299 942; x_wconf 89' lang='lat' dir='ltr'><strong>herbas</strong></span> <span class='ocrx_word' id='word_1_32' title='bbox 2323 883 2571 948; x_wconf 85' lang='lat' dir='ltr'><strong>maiores</strong></span> 
     </span>
     <span class='ocr_line' id='line_1_6' title="bbox 325 984 2575 1060; baseline 0 -16"><span class='ocrx_word' id='word_1_33' title='bbox 325 987 384 1044; x_wconf 89' lang='lat' dir='ltr'><strong>et</strong></span> <span class='ocrx_word' id='word_1_34' title='bbox 433 984 799 1060; x_wconf 79' lang='lat' dir='ltr'><strong>pulchriores</strong></span> <span class='ocrx_word' id='word_1_35' title='bbox 852 1002 1034 1060; x_wconf 55' lang='lat' dir='ltr'><strong>quam,</strong></span> <span class='ocrx_word' id='word_1_36' title='bbox 1079 987 1140 1042; x_wconf 90' lang='lat' dir='ltr'><strong>in</strong></span> <span class='ocrx_word' id='word_1_37' title='bbox 1192 986 1385 1057; x_wconf 82' lang='lat' dir='ltr'><strong>terris,</strong></span> <span class='ocrx_word' id='word_1_38' title='bbox 1439 989 1614 1060; x_wconf 87' lang='lat' dir='ltr'><strong>atque</strong></span> <span class='ocrx_word' id='word_1_39' title='bbox 1660 985 1720 1042; x_wconf 89' lang='lat' dir='ltr'><strong>in</strong></span> <span class='ocrx_word' id='word_1_40' title='bbox 1763 985 1909 1043; x_wconf 88' lang='lat' dir='ltr'><strong>luna</strong></span> <span class='ocrx_word' id='word_1_41' title='bbox 1954 1001 2105 1059; x_wconf 90' lang='lat' dir='ltr'><strong>quae</strong></span> <span class='ocrx_word' id='word_1_42' title='bbox 2152 988 2575 1058; x_wconf 85' lang='lat' dir='ltr'><strong>generarentur</strong></span> 
     </span>
     <span class='ocr_line' id='line_1_7' title="bbox 325 1086 2573 1163; baseline 0 -19"><span class='ocrx_word' id='word_1_43' title='bbox 325 1086 602 1146; x_wconf 79' lang='lat' dir='ltr'><strong>animalia</strong></span> <span class='ocrx_word' id='word_1_44' title='bbox 653 1087 1052 1163; x_wconf 88' lang='lat' dir='ltr'><strong>quindecuplo</strong></span> <span class='ocrx_word' id='word_1_45' title='bbox 1105 1088 1325 1146; x_wconf 89' lang='lat' dir='ltr'><strong>maiora</strong></span> <span class='ocrx_word' id='word_1_46' title='bbox 1377 1104 1506 1146; x_wconf 87' lang='lat' dir='ltr'><strong>esse</strong></span> <span class='ocrx_word' id='word_1_47' title='bbox 1559 1088 1628 1145; x_wconf 91' lang='lat' dir='ltr'><strong>iis</strong></span> <span class='ocrx_word' id='word_1_48' title='bbox 1682 1103 1832 1162; x_wconf 84' lang='lat' dir='ltr'><strong>quae</strong></span> <span class='ocrx_word' id='word_1_49' title='bbox 1882 1091 2041 1145; x_wconf 86' lang='lat' dir='ltr'><strong>terra</strong></span> <span class='ocrx_word' id='word_1_50' title='bbox 2092 1087 2280 1145; x_wconf 88' lang='lat' dir='ltr'><strong>aleret</strong></span> <span class='ocrx_word' id='word_1_51' title='bbox 2322 1086 2395 1146; x_wconf 84' lang='lat' dir='ltr'><strong>cf.</strong></span> <span class='ocrx_word' id='word_1_52' title='bbox 2438 1088 2573 1146; x_wconf 90' lang='lat' dir='ltr'><strong>Aet.</strong></span> 
     </span>
     <span class='ocr_line' id='line_1_8' title="bbox 326 1185 2573 1266; baseline 0.003 -20"><span class='ocrx_word' id='word_1_53' title='bbox 326 1190 562 1265; x_wconf 66' lang='lat' dir='ltr'><strong>plac.,II</strong></span> <span class='ocrx_word' id='word_1_54' title='bbox 585 1189 684 1262; x_wconf 85' lang='lat'><strong>30,</strong></span> <span class='ocrx_word' id='word_1_55' title='bbox 710 1191 738 1246; x_wconf 93' lang='lat' dir='ltr'><strong>l</strong></span> <span class='ocrx_word' id='word_1_56' title='bbox 773 1191 970 1266; x_wconf 92' lang='lat' dir='ltr'><strong>(Diels</strong></span> <span class='ocrx_word' id='word_1_57' title='bbox 1003 1189 1156 1248; x_wconf 82' lang='lat' dir='ltr'><strong>Dox.</strong></span> <span class='ocrx_word' id='word_1_58' title='bbox 1188 1208 1244 1265; x_wconf 89' lang='lat' dir='ltr'><strong>p.</strong></span> <span class='ocrx_word' id='word_1_59' title='bbox 1272 1189 1412 1262; x_wconf 88' lang='lat'>361,</span> <span class='ocrx_word' id='word_1_60' title='bbox 1452 1189 1615 1250; x_wconf 75' lang='lat' dir='ltr'><strong>VorS.</strong></span> <span class='ocrx_word' id='word_1_61' title='bbox 1646 1189 1711 1246; x_wconf 84' lang='lat' dir='ltr'><strong>I3</strong></span> <span class='ocrx_word' id='word_1_62' title='bbox 1747 1207 1804 1264; x_wconf 88' lang='lat' dir='ltr'><strong>p.</strong></span> <span class='ocrx_word' id='word_1_63' title='bbox 1829 1189 1951 1246; x_wconf 87' lang='grc'><strong>306</strong></span> <span class='ocrx_word' id='word_1_64' title='bbox 1992 1188 2302 1248; x_wconf 89' lang='lat' dir='ltr'><strong>Philolaus</strong></span> <span class='ocrx_word' id='word_1_65' title='bbox 2326 1191 2383 1248; x_wconf 91' lang='lat' dir='ltr'>A</span> <span class='ocrx_word' id='word_1_66' title='bbox 2406 1189 2511 1264; x_wconf 82' lang='lat'><strong>20)</strong></span> <span class='ocrx_word' id='word_1_67' title='bbox 2526 1185 2573 1252; x_wconf 84' lang='lat'><strong>²)</strong></span> 
     </span>
     <span class='ocr_line' id='line_1_9' title="bbox 327 1291 2577 1367; baseline 0 -17"><span class='ocrx_word' id='word_1_68' title='bbox 327 1291 667 1366; x_wconf 75' lang='lat' dir='ltr'><strong>quibusoam</strong></span> <span class='ocrx_word' id='word_1_69' title='bbox 706 1293 1136 1367; x_wconf 77' lang='lat' dir='ltr'><strong>conspirantem</strong></span> <span class='ocrx_word' id='word_1_70' title='bbox 1174 1291 1345 1350; x_wconf 86' lang='lat' dir='ltr'><strong>video</strong></span> <span class='ocrx_word' id='word_1_71' title='bbox 1377 1291 1745 1351; x_wconf 87' lang='lat' dir='ltr'><strong>Herodorum</strong></span> <span class='ocrx_word' id='word_1_72' title='bbox 1775 1293 2187 1350; x_wconf 87' lang='lat' dir='ltr'><strong>Heracleotam</strong></span> <span class='ocrx_word' id='word_1_73' title='bbox 2218 1293 2335 1367; x_wconf 90' lang='lat' dir='ltr'><strong>(ap.</strong></span> <span class='ocrx_word' id='word_1_74' title='bbox 2358 1291 2577 1352; x_wconf 85' lang='lat' dir='ltr'><strong>Athen.</strong></span> 
     </span>
     <span class='ocr_line' id='line_1_10' title="bbox 331 1392 2576 1471; baseline 0 -19"><span class='ocrx_word' id='word_1_75' title='bbox 331 1395 409 1452; x_wconf 88' lang='lat'><strong>57</strong></span> <span class='ocrx_word' id='word_1_76' title='bbox 428 1393 494 1466; x_wconf 78' lang='lat' dir='ltr'><strong>F,</strong></span> <span class='ocrx_word' id='word_1_77' title='bbox 537 1393 698 1453; x_wconf 71' lang='grc' dir='ltr'><strong>ΓΗΘ</strong></span> <span class='ocrx_word' id='word_1_78' title='bbox 742 1393 802 1450; x_wconf 94' lang='lat' dir='ltr'><strong>II</strong></span> <span class='ocrx_word' id='word_1_79' title='bbox 845 1413 901 1471; x_wconf 91' lang='lat' dir='ltr'><strong>p.</strong></span> <span class='ocrx_word' id='word_1_80' title='bbox 934 1395 1014 1452; x_wconf 85' lang='lat'><strong>35</strong></span> <span class='ocrx_word' id='word_1_81' title='bbox 1059 1393 1262 1470; x_wconf 87' lang='lat' dir='ltr'><strong>fragm.</strong></span> <span class='ocrx_word' id='word_1_82' title='bbox 1297 1395 1402 1464; x_wconf 80' lang='lat'><strong>283</strong></span> <span class='ocrx_word' id='word_1_83' title='bbox 1453 1392 1525 1453; x_wconf 86' lang='lat' dir='ltr'><strong>cf.</strong></span> <span class='ocrx_word' id='word_1_84' title='bbox 1563 1393 1629 1451; x_wconf 87' lang='lat' dir='ltr'><strong>F.</strong></span> <span class='ocrx_word' id='word_1_85' title='bbox 1660 1393 1887 1467; x_wconf 82' lang='lat' dir='ltr'><strong>Jacoby</strong></span> <span class='ocrx_word' id='word_1_86' title='bbox 1930 1411 2023 1468; x_wconf 83' lang='lat' dir='ltr'><strong>ap.</strong></span> <span class='ocrx_word' id='word_1_87' title='bbox 2063 1393 2576 1466; x_wconf 78' lang='lat' dir='ltr'><strong>Pauly-wissowa</strong></span> 
     </span>
     <span class='ocr_line' id='line_1_11' title="bbox 328 1496 936 1572; baseline -0.003 -16"><span class='ocrx_word' id='word_1_88' title='bbox 328 1496 472 1556; x_wconf 88' lang='lat' dir='ltr'><strong>VIII</strong></span> <span class='ocrx_word' id='word_1_89' title='bbox 500 1498 529 1553; x_wconf 93' lang='grc'>1</span> <span class='ocrx_word' id='word_1_90' title='bbox 578 1514 634 1572; x_wconf 91' lang='lat' dir='ltr'><strong>p.</strong></span> <span class='ocrx_word' id='word_1_91' title='bbox 667 1497 790 1554; x_wconf 88' lang='grc'><strong>980</strong></span> <span class='ocrx_word' id='word_1_92' title='bbox 813 1498 936 1572; x_wconf 88' lang='lat' dir='ltr'><strong>ss.):</strong></span> 
     </span>
    </p>
   </div>
   <div class='ocr_carea' id='block_1_3' title="bbox 332 1643 2587 2588">
    <p class='ocr_par' dir='ltr' id='par_1_3' title="bbox 332 1643 2587 2588">
     <span class='ocr_line' id='line_1_12' title="bbox 443 1643 2226 1700; baseline 0 -2"><span class='ocrx_word' id='word_1_93' title='bbox 443 1643 830 1700; x_wconf 88' lang='lat' dir='ltr'><strong>Herodorus</strong></span> <span class='ocrx_word' id='word_1_94' title='bbox 870 1643 1289 1700; x_wconf 87' lang='lat' dir='ltr'><strong>Heracleota.</strong></span> <span class='ocrx_word' id='word_1_95' title='bbox 1864 1644 2226 1700; x_wconf 84' lang='lat' dir='ltr'><strong>Philolaus.</strong></span> 
     </span>
     <span class='ocr_line' id='line_1_13' title="bbox 435 1739 2581 1819; baseline 0 -19"><span class='ocrx_word' id='word_1_96' title='bbox 435 1742 540 1810; x_wconf 81' lang='grc' dir='ltr'><strong>τὰς</strong></span> <span class='ocrx_word' id='word_1_97' title='bbox 583 1741 696 1818; x_wconf 71' lang='grc' dir='ltr'><strong><em>γάρ</em></strong></span> <span class='ocrx_word' id='word_1_98' title='bbox 742 1745 1090 1815; x_wconf 80' lang='grc' dir='ltr'><strong><em>σεληνίτιδας</em></strong></span> <span class='ocrx_word' id='word_1_99' title='bbox 1135 1754 1404 1819; x_wconf 72' lang='grc' dir='ltr'><strong><em>γυναῖκας</em></strong></span> <span class='ocrx_word' id='word_1_100' title='bbox 1610 1752 1727 1800; x_wconf 81' lang='grc' dir='ltr'><strong>τῶν</strong></span> <span class='ocrx_word' id='word_1_101' title='bbox 1745 1743 2339 1818; x_wconf 78' lang='grc' dir='ltr'><strong><em>Πυθαγορείωντινὲς</em></strong></span> <span class='ocrx_word' id='word_1_102' title='bbox 2356 1743 2475 1814; x_wconf 83' lang='grc' dir='ltr'><strong><em>μέν,</em></strong></span> <span class='ocrx_word' id='word_1_103' title='bbox 2500 1739 2581 1801; x_wconf 80' lang='grc' dir='ltr'><strong>ὧν</strong></span> 
     </span>
     <span class='ocr_line' id='line_1_14' title="bbox 333 1826 2581 1905; baseline 0.001 -19"><span class='ocrx_word' id='word_1_104' title='bbox 333 1826 617 1905; x_wconf 81' lang='grc' dir='ltr'><strong><em>ῳότοκεῖν</em></strong></span> <span class='ocrx_word' id='word_1_105' title='bbox 660 1830 759 1886; x_wconf 88' lang='grc' dir='ltr'><strong>καὶ</strong></span> <span class='ocrx_word' id='word_1_106' title='bbox 803 1827 939 1897; x_wconf 73' lang='grc' dir='ltr'><strong>τούς</strong></span> <span class='ocrx_word' id='word_1_107' title='bbox 985 1829 1112 1887; x_wconf 84' lang='grc' dir='ltr'><strong><em>ε’κεῐ</em></strong></span> <span class='ocrx_word' id='word_1_108' title='bbox 1151 1849 1404 1902; x_wconf 81' lang='grc' dir='ltr'><strong><em>γεννω-</em></strong></span> <span class='ocrx_word' id='word_1_109' title='bbox 1511 1827 1635 1888; x_wconf 80' lang='grc' dir='ltr'><strong><em>ἐστι</em></strong></span> <span class='ocrx_word' id='word_1_110' title='bbox 1676 1827 1986 1898; x_wconf 83' lang='grc' dir='ltr'><strong><em>Φιλόλαος,</em></strong></span> <span class='ocrx_word' id='word_1_111' title='bbox 2029 1828 2216 1901; x_wconf 75' lang='grc' dir='ltr'><strong><em>γεώδη</em></strong></span> <span class='ocrx_word' id='word_1_112' title='bbox 2264 1831 2581 1901; x_wconf 78' lang='grc' dir='ltr'><strong><em>φαίνεσθαι</em></strong></span> 
     </span>
     <span class='ocr_line' id='line_1_15' title="bbox 332 1911 2581 1998; baseline 0 -26"><span class='ocrx_word' id='word_1_113' title='bbox 332 1913 604 1986; x_wconf 77' lang='grc' dir='ltr'><strong><em>μένους</em></strong></span> <span class='ocrx_word' id='word_1_114' title='bbox 671 1919 1406 1972; x_wconf 74' lang='grc' dir='ltr'><strong><em>πεντεκαιδεκαπλα-</em></strong></span> <span class='ocrx_word' id='word_1_115' title='bbox 1456 1987 1460 1998; x_wconf 93' lang='lat'><strong>.</strong></span> <span class='ocrx_word' id='word_1_116' title='bbox 1508 1913 1617 1988; x_wconf 80' lang='grc' dir='ltr'><strong>τήν</strong></span> <span class='ocrx_word' id='word_1_117' title='bbox 1655 1913 1897 1987; x_wconf 84' lang='grc' dir='ltr'><strong><em>σελήνην</em></strong></span> <span class='ocrx_word' id='word_1_118' title='bbox 1929 1911 2021 1972; x_wconf 84' lang='grc' dir='ltr'><strong><em>διὰ</em></strong></span> <span class='ocrx_word' id='word_1_119' title='bbox 2050 1913 2117 1972; x_wconf 87' lang='grc' dir='ltr'><strong>τὸ</strong></span> <span class='ocrx_word' id='word_1_120' title='bbox 2152 1921 2581 1988; x_wconf 79' lang='grc' dir='ltr'><strong><em>περιοικεῖσθαι</em></strong></span> 
     </span>
     <span class='ocr_line' id='line_1_16' title="bbox 337 1994 2583 2073; baseline 0 -16"><span class='ocrx_word' id='word_1_121' title='bbox 337 2004 576 2066; x_wconf 88' lang='grc' dir='ltr'><strong><em>σίονα.ς</em></strong></span> <span class='ocrx_word' id='word_1_122' title='bbox 633 1994 823 2071; x_wconf 81' lang='grc' dir='ltr'><strong><em>ἡμῶν</em></strong></span> <span class='ocrx_word' id='word_1_123' title='bbox 883 1996 1066 2057; x_wconf 81' lang='grc' dir='ltr'><strong><em>εἶναι</em></strong></span> <span class='ocrx_word' id='word_1_124' title='bbox 1127 1997 1206 2067; x_wconf 86' lang='grc' dir='ltr'><strong>ὡς</strong></span> <span class='ocrx_word' id='word_1_125' title='bbox 1249 1994 1406 2073; x_wconf 86' lang='grc' dir='ltr'><strong><em>Ἠρό-</em></strong></span> <span class='ocrx_word' id='word_1_126' title='bbox 1511 1998 1619 2073; x_wconf 78' lang='grc' dir='ltr'><strong>τήν</strong></span> <span class='ocrx_word' id='word_1_127' title='bbox 1674 1998 1918 2072; x_wconf 78' lang='grc' dir='ltr'><strong><em>σελήνην</em></strong></span> <span class='ocrx_word' id='word_1_128' title='bbox 1966 1997 2242 2072; x_wconf 79' lang='grc' dir='ltr'><strong><em>καθάπερ</em></strong></span> <span class='ocrx_word' id='word_1_129' title='bbox 2288 1997 2395 2073; x_wconf 78' lang='grc' dir='ltr'><strong>τήν</strong></span> <span class='ocrx_word' id='word_1_130' title='bbox 2440 2003 2583 2073; x_wconf 77' lang='grc' dir='ltr'><strong><em>παρ’</em></strong></span> 
     </span>
     <span class='ocr_line' id='line_1_17' title="bbox 335 2080 2583 2160; baseline -0 -17"><span class='ocrx_word' id='word_1_131' title='bbox 335 2091 518 2159; x_wconf 82' lang='grc' dir='ltr'><strong><em>δωρος</em></strong></span> <span class='ocrx_word' id='word_1_132' title='bbox 554 2080 589 2143; x_wconf 82' lang='lat' dir='ltr'><strong>o‘</strong></span> <span class='ocrx_word' id='word_1_133' title='bbox 621 2080 1012 2159; x_wconf 82' lang='grc' dir='ltr'><strong><em>Ἡρακλεώτης</em></strong></span> <span class='ocrx_word' id='word_1_134' title='bbox 1048 2084 1287 2159; x_wconf 73' lang='grc' dir='ltr'><strong><em>ἱστορεῖ.</em></strong></span> <span class='ocrx_word' id='word_1_135' title='bbox 1511 2081 1649 2157; x_wconf 78' lang='grc' dir='ltr'><strong><em>ἡμῖν</em></strong></span> <span class='ocrx_word' id='word_1_136' title='bbox 1678 2094 1786 2158; x_wconf 81' lang='grc' dir='ltr'><strong>γῆν</strong></span> <span class='ocrx_word' id='word_1_137' title='bbox 1816 2081 1987 2160; x_wconf 72' lang='grc' dir='ltr'><strong><em>ζῴοις</em></strong></span> <span class='ocrx_word' id='word_1_138' title='bbox 2012 2089 2108 2142; x_wconf 83' lang='grc' dir='ltr'><strong>καὶ</strong></span> <span class='ocrx_word' id='word_1_139' title='bbox 2133 2095 2332 2157; x_wconf 87' lang='grc' dir='ltr'><strong><em>φυτοῖς</em></strong></span> <span class='ocrx_word' id='word_1_140' title='bbox 2353 2086 2583 2156; x_wconf 89' lang='grc' dir='ltr'><strong><em>μείζοσι</em></strong></span> 
     </span>
     <span class='ocr_line' id='line_1_18' title="bbox 1512 2167 2586 2243; baseline 0.001 -16"><span class='ocrx_word' id='word_1_141' title='bbox 1512 2171 1608 2228; x_wconf 85' lang='grc' dir='ltr'><strong>καὶ</strong></span> <span class='ocrx_word' id='word_1_142' title='bbox 1652 2173 1967 2228; x_wconf 86' lang='grc' dir='ltr'><strong><em>καλλίοσιν·</em></strong></span> <span class='ocrx_word' id='word_1_143' title='bbox 2022 2167 2201 2228; x_wconf 85' lang='grc' dir='ltr'><strong><em>εἶναι</em></strong></span> <span class='ocrx_word' id='word_1_144' title='bbox 2250 2169 2380 2243; x_wconf 80' lang='grc' dir='ltr'><strong><em>γὰρ</em></strong></span> <span class='ocrx_word' id='word_1_145' title='bbox 2427 2191 2586 2229; x_wconf 89' lang='grc' dir='ltr'><strong><em>πεν-</em></strong></span> 
     </span>
     <span class='ocr_line' id='line_1_19' title="bbox 1515 2253 2586 2336; baseline 0.002 -24"><span class='ocrx_word' id='word_1_146' title='bbox 1515 2254 2157 2314; x_wconf 74' lang='grc' dir='ltr'><strong><em>τεκαιδεκαπλάσια</em></strong></span> <span class='ocrx_word' id='word_1_147' title='bbox 2202 2254 2283 2312; x_wconf 75' lang='grc' dir='ltr'><strong>τοὶ</strong></span> <span class='ocrx_word' id='word_1_148' title='bbox 2328 2253 2435 2332; x_wconf 81' lang='grc' dir='ltr'><strong>ἐπ’</strong></span> <span class='ocrx_word' id='word_1_149' title='bbox 2472 2255 2586 2336; x_wconf 53' lang='grc' dir='ltr'><strong>αύῂ</strong></span> 
     </span>
     <span class='ocr_line' id='line_1_20' title="bbox 1510 2335 2587 2418; baseline 0.001 -20"><span class='ocrx_word' id='word_1_150' title='bbox 1510 2335 1634 2414; x_wconf 80' lang='grc' dir='ltr'><strong>τῆς</strong></span> <span class='ocrx_word' id='word_1_151' title='bbox 1681 2346 1769 2418; x_wconf 78' lang='grc' dir='ltr'><strong>ζῷ</strong></span> <span class='ocrx_word' id='word_1_152' title='bbox 1780 2363 1817 2398; x_wconf 91' lang='grc' dir='ltr'><strong><em>α</em></strong></span> <span class='ocrx_word' id='word_1_153' title='bbox 1866 2349 1944 2413; x_wconf 77' lang='grc' dir='ltr'><strong>τῇ</strong></span> <span class='ocrx_word' id='word_1_154' title='bbox 1991 2339 2227 2412; x_wconf 77' lang='grc' dir='ltr'><strong><em>δυνάμει</em></strong></span> <span class='ocrx_word' id='word_1_155' title='bbox 2268 2341 2447 2414; x_wconf 79' lang='grc' dir='ltr'><strong><em>μηδὲν</em></strong></span> <span class='ocrx_word' id='word_1_156' title='bbox 2488 2362 2587 2399; x_wconf 90' lang='grc' dir='ltr'><strong>πε-</strong></span> 
     </span>
     <span class='ocr_line' id='line_1_21' title="bbox 1515 2423 2587 2500; baseline 0.001 -17"><span class='ocrx_word' id='word_1_157' title='bbox 1515 2425 1942 2500; x_wconf 86' lang='grc' dir='ltr'><strong><em>ριττωματικὸν</em></strong></span> <span class='ocrx_word' id='word_1_158' title='bbox 2006 2423 2419 2500; x_wconf 78' lang='grc' dir='ltr'><strong><em>ἀποκρίνοντα,</em></strong></span> <span class='ocrx_word' id='word_1_159' title='bbox 2488 2431 2587 2484; x_wconf 82' lang='grc' dir='ltr'><strong>καὶ</strong></span> 
     </span>
     <span class='ocr_line' id='line_1_22' title="bbox 1516 2509 2537 2588; baseline 0.001 -19"><span class='ocrx_word' id='word_1_160' title='bbox 1516 2509 1617 2585; x_wconf 76' lang='grc' dir='ltr'><strong>τήν</strong></span> <span class='ocrx_word' id='word_1_161' title='bbox 1653 2509 1872 2586; x_wconf 77' lang='grc' dir='ltr'><strong><em>ἡμέραν</em></strong></span> <span class='ocrx_word' id='word_1_162' title='bbox 1906 2510 2195 2584; x_wconf 86' lang='grc' dir='ltr'><strong><em>τοσαύτην</em></strong></span> <span class='ocrx_word' id='word_1_163' title='bbox 2230 2518 2312 2588; x_wconf 75' lang='grc' dir='ltr'><strong>τῷ</strong></span> <span class='ocrx_word' id='word_1_164' title='bbox 2346 2513 2537 2585; x_wconf 83' lang='grc' dir='ltr'><strong><em>μήκει.</em></strong></span> 
     </span>
    </p>
   </div>
   <div class='ocr_carea' id='block_1_4' title="bbox 341 2658 2620 3256">
    <p class='ocr_par' dir='ltr' id='par_1_4' title="bbox 341 2658 2620 3256">
     <span class='ocr_line' id='line_1_23' title="bbox 513 2658 2620 2735; baseline -0.001 -16"><span class='ocrx_word' id='word_1_165' title='bbox 513 2658 945 2735; x_wconf 86' lang='lat' dir='ltr'><strong>Aristophanes</strong></span> <span class='ocrx_word' id='word_1_166' title='bbox 989 2658 1050 2717; x_wconf 89' lang='lat' dir='ltr'><strong>in</strong></span> <span class='ocrx_word' id='word_1_167' title='bbox 1094 2658 1362 2719; x_wconf 86' lang='lat' dir='ltr'><strong>Platonis</strong></span> <span class='ocrx_word' id='word_1_168' title='bbox 1408 2658 1685 2717; x_wconf 83' lang='lat' dir='ltr'><strong>convivio</strong></span> <span class='ocrx_word' id='word_1_169' title='bbox 1729 2658 1916 2716; x_wconf 81' lang='lat' dir='ltr'>190ss</span> <span class='ocrx_word' id='word_1_170' title='bbox 1961 2662 2191 2717; x_wconf 89' lang='lat' dir='ltr'><strong>narrat:</strong></span> <span class='ocrx_word' id='word_1_171' title='bbox 2235 2658 2402 2717; x_wconf 82' lang='lat' dir='ltr'><strong>iuxta</strong></span> <span class='ocrx_word' id='word_1_172' title='bbox 2445 2658 2620 2732; x_wconf 39' lang='lat' dir='ltr'><strong>duos,</strong></span> 
     </span>
     <span class='ocr_line' id='line_1_24' title="bbox 341 2759 2590 2837; baseline -0.001 -16"><span class='ocrx_word' id='word_1_173' title='bbox 341 2779 513 2823; x_wconf 82' lang='lat' dir='ltr'><strong>sexus</strong></span> <span class='ocrx_word' id='word_1_174' title='bbox 533 2763 766 2820; x_wconf 85' lang='lat' dir='ltr'><strong>virilem</strong></span> <span class='ocrx_word' id='word_1_175' title='bbox 788 2779 858 2820; x_wconf 89' lang='lat' dir='ltr'><strong>ac</strong></span> <span class='ocrx_word' id='word_1_176' title='bbox 882 2761 1224 2820; x_wconf 88' lang='lat' dir='ltr'><strong>muliebrem</strong></span> <span class='ocrx_word' id='word_1_177' title='bbox 1243 2762 1381 2819; x_wconf 92' lang='lat' dir='ltr'><strong>olim</strong></span> <span class='ocrx_word' id='word_1_178' title='bbox 1401 2761 1693 2820; x_wconf 81' lang='lat' dir='ltr'><strong>exstitisse</strong></span> <span class='ocrx_word' id='word_1_179' title='bbox 1713 2760 2007 2837; x_wconf 87' lang='lat' dir='ltr'><strong>duplicem</strong></span> <span class='ocrx_word' id='word_1_180' title='bbox 2027 2759 2321 2836; x_wconf 89' lang='lat' dir='ltr'><strong>quandam</strong></span> <span class='ocrx_word' id='word_1_181' title='bbox 2339 2762 2590 2837; x_wconf 89' lang='lat' dir='ltr'><strong>speciem</strong></span> 
     </span>
     <span class='ocr_line' id='line_1_25' title="bbox 343 2862 2591 2939; baseline -0.001 -15"><span class='ocrx_word' id='word_1_182' title='bbox 343 2862 1021 2931; x_wconf 65' lang='lat' dir='ltr'><strong>masculo-femininam</strong></span> <span class='ocrx_word' id='word_1_183' title='bbox 1077 2862 1234 2921; x_wconf 90' lang='lat' dir='ltr'><strong>hunc</strong></span> <span class='ocrx_word' id='word_1_184' title='bbox 1287 2866 1480 2922; x_wconf 89' lang='lat' dir='ltr'><strong>autem</strong></span> <span class='ocrx_word' id='word_1_185' title='bbox 1533 2880 1736 2923; x_wconf 85' lang='lat' dir='ltr'><strong>sexum</strong></span> <span class='ocrx_word' id='word_1_186' title='bbox 1788 2863 2022 2921; x_wconf 86' lang='lat' dir='ltr'><strong>tertium</strong></span> <span class='ocrx_word' id='word_1_187' title='bbox 2068 2880 2198 2921; x_wconf 89' lang='lat' dir='ltr'><strong>esse</strong></span> <span class='ocrx_word' id='word_1_188' title='bbox 2241 2866 2591 2939; x_wconf 86' lang='lat' dir='ltr'><strong>prognatum</strong></span> 
     </span>
     <span class='ocr_line' id='line_1_26' title="bbox 344 2955 2591 3049; baseline 0 -23"><span class='ocrx_word' id='word_1_189' title='bbox 344 2987 383 3026; x_wconf 86' lang='lat' dir='ltr'><strong>a</strong></span> <span class='ocrx_word' id='word_1_190' title='bbox 424 2968 599 3025; x_wconf 89' lang='lat' dir='ltr'><strong>luna:</strong></span> <span class='ocrx_word' id='word_1_191' title='bbox 661 2956 744 3049; x_wconf 85' lang='grc' dir='ltr'><strong>ἦν</strong></span> <span class='ocrx_word' id='word_1_192' title='bbox 791 2962 860 3027; x_wconf 81' lang='grc' dir='ltr'><strong>δὲ</strong></span> <span class='ocrx_word' id='word_1_193' title='bbox 907 2959 1017 3026; x_wconf 81' lang='grc' dir='ltr'><strong><em>διὰ</em></strong></span> <span class='ocrx_word' id='word_1_194' title='bbox 1059 2964 1270 3026; x_wconf 81' lang='grc' dir='ltr'><strong><em>ταῦτα</em></strong></span> <span class='ocrx_word' id='word_1_195' title='bbox 1315 2962 1466 3046; x_wconf 86' lang='grc' dir='ltr'><strong><em>τρία</em></strong></span> <span class='ocrx_word' id='word_1_196' title='bbox 1510 2957 1596 3026; x_wconf 82' lang='grc' dir='ltr'><strong>τὰ</strong></span> <span class='ocrx_word' id='word_1_197' title='bbox 1640 2962 1797 3047; x_wconf 84' lang='grc' dir='ltr'><strong><em>γένη</em></strong></span> <span class='ocrx_word' id='word_1_198' title='bbox 1843 2962 1957 3025; x_wconf 88' lang='grc' dir='ltr'><strong>καὶ</strong></span> <span class='ocrx_word' id='word_1_199' title='bbox 2000 2964 2307 3041; x_wconf 84' lang='grc' dir='ltr'><strong><em>τοιαῦτα,</em></strong></span> <span class='ocrx_word' id='word_1_200' title='bbox 2360 2955 2467 3027; x_wconf 78' lang='grc' dir='ltr'><strong><em>ὅτι</em></strong></span> <span class='ocrx_word' id='word_1_201' title='bbox 2511 2958 2591 3027; x_wconf 84' lang='grc' dir='ltr'><strong>τὸ</strong></span> 
     </span>
     <span class='ocr_line' id='line_1_27' title="bbox 342 3054 2593 3152; baseline -0.001 -21"><span class='ocrx_word' id='word_1_202' title='bbox 342 3067 465 3152; x_wconf 83' lang='grc' dir='ltr'><strong>μὲν</strong></span> <span class='ocrx_word' id='word_1_203' title='bbox 525 3059 726 3150; x_wconf 77' lang='grc' dir='ltr'><strong><em>ἄρρεν</em></strong></span> <span class='ocrx_word' id='word_1_204' title='bbox 779 3058 867 3149; x_wconf 82' lang='grc' dir='ltr'><strong>ἦν</strong></span> <span class='ocrx_word' id='word_1_205' title='bbox 918 3067 1042 3129; x_wconf 79' lang='grc' dir='ltr'><strong>τοῦ</strong></span> <span class='ocrx_word' id='word_1_206' title='bbox 1097 3062 1296 3149; x_wconf 82' lang='grc' dir='ltr'><strong><em>ἡλίου</em></strong></span> <span class='ocrx_word' id='word_1_207' title='bbox 1348 3062 1472 3151; x_wconf 86' lang='grc' dir='ltr'><strong>τὴν</strong></span> <span class='ocrx_word' id='word_1_208' title='bbox 1524 3054 1734 3150; x_wconf 73' lang='grc' dir='ltr'><strong><em>ἀρχὴν</em></strong></span> <span class='ocrx_word' id='word_1_209' title='bbox 1786 3061 2091 3149; x_wconf 75' lang='grc' dir='ltr'><strong><em>ἔκγονον,</em></strong></span> <span class='ocrx_word' id='word_1_210' title='bbox 2151 3061 2231 3129; x_wconf 86' lang='grc' dir='ltr'><strong>τὸ</strong></span> <span class='ocrx_word' id='word_1_211' title='bbox 2288 3064 2360 3129; x_wconf 82' lang='grc' dir='ltr'><strong>δὲ</strong></span> <span class='ocrx_word' id='word_1_212' title='bbox 2412 3066 2593 3152; x_wconf 81' lang='grc' dir='ltr'><strong><em>θῆλυ</em></strong></span> 
     </span>
     <span class='ocr_line' id='line_1_28' title="bbox 343 3156 2590 3256; baseline -0.001 -23"><span class='ocrx_word' id='word_1_213' title='bbox 343 3170 464 3253; x_wconf 83' lang='grc' dir='ltr'><strong>τῆς</strong></span> <span class='ocrx_word' id='word_1_214' title='bbox 517 3172 661 3256; x_wconf 84' lang='grc' dir='ltr'><strong><em>γῆς,</em></strong></span> <span class='ocrx_word' id='word_1_215' title='bbox 713 3164 793 3233; x_wconf 85' lang='grc' dir='ltr'><strong>τὸ</strong></span> <span class='ocrx_word' id='word_1_216' title='bbox 841 3167 914 3232; x_wconf 82' lang='grc' dir='ltr'><strong>δὲ</strong></span> <span class='ocrx_word' id='word_1_217' title='bbox 957 3164 1361 3251; x_wconf 74' lang='grc' dir='ltr'><strong><em>ἀμφοτέρων</em></strong></span> <span class='ocrx_word' id='word_1_218' title='bbox 1400 3170 1679 3251; x_wconf 85' lang='grc' dir='ltr'><strong><em>μετέχον</em></strong></span> <span class='ocrx_word' id='word_1_219' title='bbox 1723 3169 1839 3253; x_wconf 86' lang='grc' dir='ltr'><strong>τῆς</strong></span> <span class='ocrx_word' id='word_1_220' title='bbox 1884 3163 2191 3254; x_wconf 78' lang='grc' dir='ltr'><strong><em>σελήνης,</em></strong></span> <span class='ocrx_word' id='word_1_221' title='bbox 2245 3156 2349 3232; x_wconf 81' lang='grc' dir='ltr'><strong><em>ὅτι</em></strong></span> <span class='ocrx_word' id='word_1_222' title='bbox 2392 3167 2507 3233; x_wconf 86' lang='grc' dir='ltr'><strong>καὶ</strong></span> <span class='ocrx_word' id='word_1_223' title='bbox 2549 3164 2590 3251; x_wconf 80' lang='grc' dir='ltr'><strong><em>ἡ</em></strong></span> 
     </span>
    </p>
   </div>
   <div class='ocr_carea' id='block_1_5' title="bbox 347 3310 756 3317">
    <p class='ocr_par' dir='ltr' id='par_1_5' title="bbox 347 3310 756 3317">
     <span class='ocr_line' id='line_1_29' title="bbox 347 3310 756 3317; baseline 0 1808"><span class='ocrx_word' id='word_1_224' title='bbox 347 3310 756 3317; x_wconf 95' lang='lat' dir='ltr'><strong> </strong></span> 
     </span>
    </p>
   </div>
   <div class='ocr_carea' id='block_1_6' title="bbox 347 3388 2597 3631">
    <p class='ocr_par' dir='ltr' id='par_1_6' title="bbox 347 3388 2597 3631">
     <span class='ocr_line' id='line_1_30' title="bbox 520 3388 2597 3459; baseline 0.001 -16"><span class='ocrx_word' id='word_1_225' title='bbox 520 3390 562 3458; x_wconf 88' lang='lat'><strong>¹)</strong></span> <span class='ocrx_word' id='word_1_226' title='bbox 604 3390 670 3444; x_wconf 88' lang='lat' dir='ltr'><strong>In</strong></span> <span class='ocrx_word' id='word_1_227' title='bbox 705 3389 1062 3459; x_wconf 87' lang='lat' dir='ltr'><strong>Orphieorum</strong></span> <span class='ocrx_word' id='word_1_228' title='bbox 1107 3389 1434 3445; x_wconf 82' lang='lat' dir='ltr'><strong>carminibus</strong></span> <span class='ocrx_word' id='word_1_229' title='bbox 1480 3393 1783 3445; x_wconf 84' lang='lat' dir='ltr'><strong>enarratum</strong></span> <span class='ocrx_word' id='word_1_230' title='bbox 1820 3393 1936 3444; x_wconf 85' lang='lat' dir='ltr'><strong>erat</strong></span> <span class='ocrx_word' id='word_1_231' title='bbox 1968 3388 2023 3443; x_wconf 91' lang='lat' dir='ltr'><strong>in</strong></span> <span class='ocrx_word' id='word_1_232' title='bbox 2056 3389 2186 3443; x_wconf 86' lang='lat' dir='ltr'><strong>luna</strong></span> <span class='ocrx_word' id='word_1_233' title='bbox 2220 3404 2344 3445; x_wconf 88' lang='lat' dir='ltr'><strong>esse</strong></span> <span class='ocrx_word' id='word_1_234' title='bbox 2380 3395 2597 3445; x_wconf 86' lang='lat' dir='ltr'><strong>montes</strong></span> 
     </span>
     <span class='ocr_line' id='line_1_31' title="bbox 347 3473 2594 3545; baseline -0 -15"><span class='ocrx_word' id='word_1_235' title='bbox 347 3476 558 3545; x_wconf 84' lang='lat' dir='ltr'><strong>oppida</strong></span> <span class='ocrx_word' id='word_1_236' title='bbox 598 3480 746 3531; x_wconf 81' lang='lat' dir='ltr'><strong>tecta</strong></span> <span class='ocrx_word' id='word_1_237' title='bbox 789 3475 857 3530; x_wconf 88' lang='lat' dir='ltr'><strong>cf.</strong></span> <span class='ocrx_word' id='word_1_238' title='bbox 893 3475 1072 3530; x_wconf 89' lang='lat' dir='ltr'><strong>Procl.</strong></span> <span class='ocrx_word' id='word_1_239' title='bbox 1117 3476 1172 3529; x_wconf 91' lang='lat' dir='ltr'><strong>in</strong></span> <span class='ocrx_word' id='word_1_240' title='bbox 1215 3476 1426 3529; x_wconf 86' lang='lat' dir='ltr'><strong>Platon.</strong></span> <span class='ocrx_word' id='word_1_241' title='bbox 1455 3475 1598 3529; x_wconf 86' lang='lat' dir='ltr'><strong>Tim.</strong></span> <span class='ocrx_word' id='word_1_242' title='bbox 1629 3479 1691 3529; x_wconf 84' lang='lat'><strong>32</strong></span> <span class='ocrx_word' id='word_1_243' title='bbox 1711 3475 1758 3529; x_wconf 90' lang='grc' dir='ltr'>Β</span> <span class='ocrx_word' id='word_1_244' title='bbox 1804 3474 1883 3545; x_wconf 87' lang='grc' dir='ltr'><strong>[Γ</strong></span> <span class='ocrx_word' id='word_1_245' title='bbox 1913 3474 2082 3529; x_wconf 79' lang='lat' dir='ltr'><strong>154A</strong></span> <span class='ocrx_word' id='word_1_246' title='bbox 2120 3474 2177 3529; x_wconf 91' lang='lat' dir='ltr'><strong>II</strong></span> <span class='ocrx_word' id='word_1_247' title='bbox 2219 3492 2273 3543; x_wconf 88' lang='lat' dir='ltr'><strong>p.</strong></span> <span class='ocrx_word' id='word_1_248' title='bbox 2300 3480 2364 3529; x_wconf 85' lang='lat'><strong>48</strong></span> <span class='ocrx_word' id='word_1_249' title='bbox 2415 3473 2594 3545; x_wconf 87' lang='lat' dir='ltr'><strong>Diehl]</strong></span> 
     </span>
     <span class='ocr_line' id='line_1_32' title="bbox 350 3554 2153 3631; baseline -0.001 -16"><span class='ocrx_word' id='word_1_250' title='bbox 350 3567 526 3617; x_wconf 80' lang='grc' dir='ltr'><strong><em>τοῦτο</em></strong></span> <span class='ocrx_word' id='word_1_251' title='bbox 562 3559 672 3629; x_wconf 79' lang='grc' dir='ltr'><strong>μὲν</strong></span> <span class='ocrx_word' id='word_1_252' title='bbox 707 3554 812 3616; x_wconf 80' lang='grc' dir='ltr'><strong>οὗν</strong></span> <span class='ocrx_word' id='word_1_253' title='bbox 844 3559 944 3616; x_wconf 83' lang='grc' dir='ltr'><strong>καὶ</strong></span> <span class='ocrx_word' id='word_1_254' title='bbox 981 3554 1012 3615; x_wconf 84' lang='grc' dir='ltr'><em>ὃ</em></span> <span class='ocrx_word' id='word_1_255' title='bbox 1053 3556 1336 3630; x_wconf 77' lang='grc' dir='ltr'><strong><em>θεόλογος</em></strong></span> <span class='ocrx_word' id='word_1_256' title='bbox 1369 3561 1610 3630; x_wconf 87' lang='lat' dir='ltr'><strong>(Orphic.</strong></span> <span class='ocrx_word' id='word_1_257' title='bbox 1638 3560 1828 3631; x_wconf 83' lang='lat' dir='ltr'><strong>fragm.</strong></span> <span class='ocrx_word' id='word_1_258' title='bbox 1854 3565 1915 3615; x_wconf 88' lang='lat'><strong>81</strong></span> <span class='ocrx_word' id='word_1_259' title='bbox 1956 3560 2153 3629; x_wconf 70' lang='lat' dir='ltr'><strong>Aban:</strong></span> 
     </span>
    </p>
   </div>
   <div class='ocr_carea' id='block_1_7' title="bbox 658 3663 2251 3915">
    <p class='ocr_par' dir='ltr' id='par_1_7' title="bbox 658 3663 2251 3915">
     <span class='ocr_line' id='line_1_33' title="bbox 658 3663 2251 3743; baseline -0.001 -16"><span class='ocrx_word' id='word_1_260' title='bbox 658 3668 886 3742; x_wconf 86' lang='grc' dir='ltr'><strong><em>μήσατό</em></strong></span> <span class='ocrx_word' id='word_1_261' title='bbox 923 3672 979 3725; x_wconf 82' lang='grc' dir='ltr'><strong>τ’</strong></span> <span class='ocrx_word' id='word_1_262' title='bbox 1017 3666 1198 3741; x_wconf 78' lang='grc' dir='ltr'><strong><em>ἄλλην</em></strong></span> <span class='ocrx_word' id='word_1_263' title='bbox 1231 3679 1406 3741; x_wconf 81' lang='grc' dir='ltr'><strong><em>γαῖαν</em></strong></span> <span class='ocrx_word' id='word_1_264' title='bbox 1443 3664 1758 3743; x_wconf 76' lang='grc' dir='ltr'><strong><em>ἀπείριτον,</em></strong></span> <span class='ocrx_word' id='word_1_265' title='bbox 1793 3663 1865 3742; x_wconf 70' lang='grc' dir='ltr'><strong>ἦν</strong></span> <span class='ocrx_word' id='word_1_266' title='bbox 1899 3689 1963 3725; x_wconf 88' lang='grc' dir='ltr'><strong>τε</strong></span> <span class='ocrx_word' id='word_1_267' title='bbox 2006 3664 2251 3741; x_wconf 83' lang='grc' dir='ltr'><strong><em>σελήνην</em></strong></span> 
     </span>
     <span class='ocr_line' id='line_1_34' title="bbox 661 3748 2106 3827; baseline -0.002 -15"><span class='ocrx_word' id='word_1_268' title='bbox 661 3752 947 3812; x_wconf 78' lang='grc' dir='ltr'><strong><em>ἀθάνατοι</em></strong></span> <span class='ocrx_word' id='word_1_269' title='bbox 984 3753 1307 3827; x_wconf 79' lang='grc' dir='ltr'><strong><em>κλῄζουσιν,</em></strong></span> <span class='ocrx_word' id='word_1_270' title='bbox 1346 3752 1671 3827; x_wconf 80' lang='grc' dir='ltr'><strong><em>ἐπιχθόνιοι</em></strong></span> <span class='ocrx_word' id='word_1_271' title='bbox 1709 3752 1770 3812; x_wconf 75' lang='grc' dir='ltr'><strong>δέ</strong></span> <span class='ocrx_word' id='word_1_272' title='bbox 1806 3774 1871 3811; x_wconf 89' lang='grc' dir='ltr'><strong>τε</strong></span> <span class='ocrx_word' id='word_1_273' title='bbox 1905 3748 2106 3827; x_wconf 87' lang='grc' dir='ltr'><strong><em>μήνην,</em></strong></span> 
     </span>
     <span class='ocr_line' id='line_1_35' title="bbox 659 3836 2238 3915; baseline 0.001 -18"><span class='ocrx_word' id='word_1_274' title='bbox 659 3836 692 3913; x_wconf 78' lang='grc' dir='ltr'><em>ἢ</em></span> <span class='ocrx_word' id='word_1_275' title='bbox 731 3837 894 3899; x_wconf 81' lang='grc' dir='ltr'><strong><em>πόλλ’</em></strong></span> <span class='ocrx_word' id='word_1_276' title='bbox 931 3838 1085 3915; x_wconf 66' lang='grc' dir='ltr'><strong>οὗρέ</strong></span> <span class='ocrx_word' id='word_1_277' title='bbox 1123 3837 1260 3913; x_wconf 74' lang='grc' dir='ltr'><strong><em>ἔχει,</em></strong></span> <span class='ocrx_word' id='word_1_278' title='bbox 1296 3837 1458 3897; x_wconf 85' lang='grc' dir='ltr'><strong><em>πόλλ’</em></strong></span> <span class='ocrx_word' id='word_1_279' title='bbox 1497 3836 1696 3908; x_wconf 76' lang='grc' dir='ltr'><strong><em>ἄστεα,</em></strong></span> <span class='ocrx_word' id='word_1_280' title='bbox 1736 3837 1923 3897; x_wconf 71' lang='grc' dir='ltr'><strong><em>πολλοὶ</em></strong></span> <span class='ocrx_word' id='word_1_281' title='bbox 1957 3837 2238 3913; x_wconf 79' lang='grc' dir='ltr'><strong><em>μέλεθρα.</em></strong></span> 
     </span>
    </p>
   </div>
   <div class='ocr_carea' id='block_1_8' title="bbox 339 3945 2605 4537">
    <p class='ocr_par' dir='ltr' id='par_1_8' title="bbox 339 3945 2605 4537">
     <span class='ocr_line' id='line_1_36' title="bbox 353 3945 2603 4024; baseline -0.001 -14"><span class='ocrx_word' id='word_1_282' title='bbox 353 3954 436 4010; x_wconf 81' lang='lat' dir='ltr'><strong>Of.</strong></span> <span class='ocrx_word' id='word_1_283' title='bbox 472 3955 650 4010; x_wconf 88' lang='lat' dir='ltr'><strong>Procl.</strong></span> <span class='ocrx_word' id='word_1_284' title='bbox 693 3955 750 4009; x_wconf 88' lang='lat' dir='ltr'><strong>in</strong></span> <span class='ocrx_word' id='word_1_285' title='bbox 795 3956 930 4009; x_wconf 85' lang='lat' dir='ltr'><strong>Plat.</strong></span> <span class='ocrx_word' id='word_1_286' title='bbox 957 3955 1096 4008; x_wconf 90' lang='lat' dir='ltr'><strong>Tim.</strong></span> <span class='ocrx_word' id='word_1_287' title='bbox 1123 3955 1260 4008; x_wconf 87' lang='grc' dir='ltr'><strong>4οΕ</strong></span> <span class='ocrx_word' id='word_1_288' title='bbox 1295 3954 1370 4024; x_wconf 89' lang='grc' dir='ltr'><strong>[Ε</strong></span> <span class='ocrx_word' id='word_1_289' title='bbox 1405 3954 1568 4008; x_wconf 85' lang='grc' dir='ltr'><strong>292Β</strong></span> <span class='ocrx_word' id='word_1_290' title='bbox 1603 3953 1689 4007; x_wconf 94' lang='lat' dir='ltr'><strong>III</strong></span> <span class='ocrx_word' id='word_1_291' title='bbox 1722 3970 1775 4023; x_wconf 89' lang='lat' dir='ltr'><strong>p.</strong></span> <span class='ocrx_word' id='word_1_292' title='bbox 1801 3958 1895 4007; x_wconf 80' lang='lat'><strong>172</strong></span> <span class='ocrx_word' id='word_1_293' title='bbox 1932 3952 2024 4023; x_wconf 89' lang='lat' dir='ltr'><strong>D.]</strong></span> <span class='ocrx_word' id='word_1_294' title='bbox 2073 3945 2198 4006; x_wconf 75' lang='grc' dir='ltr'><strong><em>ἔστι</em></strong></span> <span class='ocrx_word' id='word_1_295' title='bbox 2241 3948 2354 4022; x_wconf 79' lang='grc' dir='ltr'><strong><em>γὰρ</em></strong></span> <span class='ocrx_word' id='word_1_296' title='bbox 2397 3954 2492 4007; x_wconf 83' lang='grc' dir='ltr'><strong>καὶ</strong></span> <span class='ocrx_word' id='word_1_297' title='bbox 2538 3947 2603 4009; x_wconf 79' lang='grc' dir='ltr'><strong>ἐν</strong></span> 
     </span>
     <span class='ocr_line' id='line_1_37' title="bbox 354 4030 2603 4113; baseline -0.001 -20"><span class='ocrx_word' id='word_1_298' title='bbox 354 4045 429 4110; x_wconf 76' lang='grc' dir='ltr'><strong>γῇ</strong></span> <span class='ocrx_word' id='word_1_299' title='bbox 475 4030 720 4110; x_wconf 72' lang='grc' dir='ltr'><strong><em>ου’ρανὸς</em></strong></span> <span class='ocrx_word' id='word_1_300' title='bbox 762 4039 861 4095; x_wconf 86' lang='grc' dir='ltr'><strong>καὶ</strong></span> <span class='ocrx_word' id='word_1_301' title='bbox 905 4036 967 4095; x_wconf 81' lang='grc' dir='ltr'><strong>ἐν</strong></span> <span class='ocrx_word' id='word_1_302' title='bbox 1004 4034 1231 4113; x_wconf 74' lang='grc' dir='ltr'><strong><em>οὐρανῷ</em></strong></span> <span class='ocrx_word' id='word_1_303' title='bbox 1269 4043 1366 4109; x_wconf 80' lang='grc' dir='ltr'><strong>γῇ,</strong></span> <span class='ocrx_word' id='word_1_304' title='bbox 1412 4041 1509 4094; x_wconf 83' lang='grc' dir='ltr'><strong>καὶ</strong></span> <span class='ocrx_word' id='word_1_305' title='bbox 1549 4034 1807 4095; x_wconf 74' lang='grc' dir='ltr'><strong><em>ἐνταῦθα</em></strong></span> <span class='ocrx_word' id='word_1_306' title='bbox 1841 4036 1952 4107; x_wconf 79' lang='grc' dir='ltr'><strong>μὲν</strong></span> <span class='ocrx_word' id='word_1_307' title='bbox 1988 4030 2022 4092; x_wconf 80' lang='grc' dir='ltr'>ὁ</span> <span class='ocrx_word' id='word_1_308' title='bbox 2058 4032 2305 4109; x_wconf 80' lang='grc' dir='ltr'><strong><em>οὐρανός</em></strong></span> <span class='ocrx_word' id='word_1_309' title='bbox 2334 4036 2603 4107; x_wconf 80' lang='grc' dir='ltr'><strong><em>χθονίως,</em></strong></span> 
     </span>
     <span class='ocr_line' id='line_1_38' title="bbox 358 4116 2605 4197; baseline -0.001 -17"><span class='ocrx_word' id='word_1_310' title='bbox 358 4122 485 4180; x_wconf 81' lang='grc' dir='ltr'><strong><em>ἐκεῖ</em></strong></span> <span class='ocrx_word' id='word_1_311' title='bbox 526 4124 586 4182; x_wconf 80' lang='grc' dir='ltr'><strong>δὲ</strong></span> <span class='ocrx_word' id='word_1_312' title='bbox 633 4116 913 4197; x_wconf 83' lang='grc' dir='ltr'><strong><em>ου’ρανίως</em></strong></span> <span class='ocrx_word' id='word_1_313' title='bbox 957 4117 992 4195; x_wconf 79' lang='grc' dir='ltr'><em>ἦ</em></span> <span class='ocrx_word' id='word_1_314' title='bbox 1038 4130 1113 4195; x_wconf 82' lang='grc' dir='ltr'><strong>γῆ</strong></span> <span class='ocrx_word' id='word_1_315' title='bbox 1159 4127 1277 4193; x_wconf 83' lang='grc' dir='ltr'><strong><em>(καὶ</em></strong></span> <span class='ocrx_word' id='word_1_316' title='bbox 1323 4120 1434 4195; x_wconf 79' lang='grc' dir='ltr'><strong><em>γᾰρ</em></strong></span> <span class='ocrx_word' id='word_1_317' title='bbox 1480 4116 1755 4195; x_wconf 82' lang='grc' dir='ltr'><strong><em>ου’ρανίαν</em></strong></span> <span class='ocrx_word' id='word_1_318' title='bbox 1800 4121 1992 4195; x_wconf 86' lang='grc' dir='ltr'><strong>[[καὶ]]</strong></span> <span class='ocrx_word' id='word_1_319' title='bbox 2036 4125 2182 4193; x_wconf 81' lang='grc' dir='ltr'><strong><em>(γῆν)</em></strong></span> <span class='ocrx_word' id='word_1_320' title='bbox 2214 4118 2320 4192; x_wconf 83' lang='grc' dir='ltr'><strong>τήν</strong></span> <span class='ocrx_word' id='word_1_321' title='bbox 2359 4119 2605 4192; x_wconf 87' lang='grc' dir='ltr'><strong><em>σελήνην</em></strong></span> 
     </span>
     <span class='ocr_line' id='line_1_39' title="bbox 351 4206 2605 4283; baseline -0.001 -17"><span class='ocrx_word' id='word_1_322' title='bbox 351 4206 582 4281; x_wconf 70' lang='grc' dir='ltr'><strong><em>Ὀρφεύς</em></strong></span> <span class='ocrx_word' id='word_1_323' title='bbox 611 4208 1089 4283; x_wconf 82' lang='grc' dir='ltr'><strong><em>προσηγόρευσεν</em></strong></span> <span class='ocrx_word' id='word_1_324' title='bbox 1121 4212 1331 4283; x_wconf 88' lang='lat' dir='ltr'><strong>[fragm.</strong></span> <span class='ocrx_word' id='word_1_325' title='bbox 1352 4216 1411 4265; x_wconf 89' lang='lat'><strong>81</strong></span> <span class='ocrx_word' id='word_1_326' title='bbox 1441 4211 1652 4281; x_wconf 77' lang='lat' dir='ltr'><strong>AbeIJ),</strong></span> <span class='ocrx_word' id='word_1_327' title='bbox 1686 4210 1756 4264; x_wconf 88' lang='lat' dir='ltr'><strong>cf.</strong></span> <span class='ocrx_word' id='word_1_328' title='bbox 1781 4210 1959 4265; x_wconf 87' lang='lat' dir='ltr'><strong>Procl.</strong></span> <span class='ocrx_word' id='word_1_329' title='bbox 1989 4211 2043 4263; x_wconf 90' lang='lat' dir='ltr'><strong>in</strong></span> <span class='ocrx_word' id='word_1_330' title='bbox 2071 4210 2211 4263; x_wconf 86' lang='lat' dir='ltr'><strong>Plat.</strong></span> <span class='ocrx_word' id='word_1_331' title='bbox 2230 4209 2372 4263; x_wconf 87' lang='lat' dir='ltr'><strong>Tim.</strong></span> <span class='ocrx_word' id='word_1_332' title='bbox 2395 4214 2460 4262; x_wconf 83' lang='lat'><strong>40</strong></span> <span class='ocrx_word' id='word_1_333' title='bbox 2480 4208 2541 4263; x_wconf 92' lang='grc' dir='ltr'><strong>Β.</strong></span> <span class='ocrx_word' id='word_1_334' title='bbox 2561 4208 2605 4264; x_wconf 86' lang='lat' dir='ltr'>C</span> 
     </span>
     <span class='ocr_line' id='line_1_40' title="bbox 339 4282 2156 4367; baseline 0 -18"><span class='ocrx_word' id='word_1_335' title='bbox 339 4282 428 4367; x_wconf 73' lang='grc' dir='ltr'><strong>ΪΔ</strong></span> <span class='ocrx_word' id='word_1_336' title='bbox 457 4301 556 4351; x_wconf 83' lang='lat'><strong>283</strong></span> <span class='ocrx_word' id='word_1_337' title='bbox 577 4297 622 4351; x_wconf 86' lang='lat' dir='ltr'><strong>B</strong></span> <span class='ocrx_word' id='word_1_338' title='bbox 657 4294 741 4350; x_wconf 89' lang='lat'><strong>111</strong></span> <span class='ocrx_word' id='word_1_339' title='bbox 776 4314 830 4365; x_wconf 84' lang='lat' dir='ltr'><strong>p.</strong></span> <span class='ocrx_word' id='word_1_340' title='bbox 853 4301 948 4351; x_wconf 78' lang='lat'><strong>142</strong></span> <span class='ocrx_word' id='word_1_341' title='bbox 986 4296 1096 4366; x_wconf 88' lang='lat' dir='ltr'><strong>D.],</strong></span> <span class='ocrx_word' id='word_1_342' title='bbox 1132 4297 1422 4364; x_wconf 78' lang='lat' dir='ltr'><strong>Aet.p1a0.</strong></span> <span class='ocrx_word' id='word_1_343' title='bbox 1451 4296 1505 4349; x_wconf 91' lang='lat'><strong>11</strong></span> <span class='ocrx_word' id='word_1_344' title='bbox 1533 4300 1612 4365; x_wconf 88' lang='lat'><strong>13,</strong></span> <span class='ocrx_word' id='word_1_345' title='bbox 1636 4301 1698 4350; x_wconf 84' lang='lat'><strong>15</strong></span> <span class='ocrx_word' id='word_1_346' title='bbox 1735 4295 1901 4363; x_wconf 81' lang='lat' dir='ltr'><strong>(nox.</strong></span> <span class='ocrx_word' id='word_1_347' title='bbox 1936 4312 1991 4363; x_wconf 84' lang='lat' dir='ltr'><strong>p.</strong></span> <span class='ocrx_word' id='word_1_348' title='bbox 2017 4295 2156 4364; x_wconf 83' lang='lat'><strong>343).</strong></span> 
     </span>
     <span class='ocr_line' id='line_1_41' title="bbox 529 4381 1223 4458; baseline -0.003 -21"><span class='ocrx_word' id='word_1_349' title='bbox 529 4386 574 4451; x_wconf 77' lang='grc'><strong>2)</strong></span> <span class='ocrx_word' id='word_1_350' title='bbox 609 4381 692 4437; x_wconf 86' lang='lat' dir='ltr'><strong>Cf.</strong></span> <span class='ocrx_word' id='word_1_351' title='bbox 725 4382 902 4458; x_wconf 81' lang='lat' dir='ltr'><strong>Zeller</strong></span> <span class='ocrx_word' id='word_1_352' title='bbox 935 4382 1081 4451; x_wconf 82' lang='lat' dir='ltr'><strong>1⁵&#39;p.</strong></span> <span class='ocrx_word' id='word_1_353' title='bbox 1108 4386 1223 4436; x_wconf 82' lang='lat'><strong>426.</strong></span> 
     </span>
     <span class='ocr_line' id='line_1_42' title="bbox 2240 4483 2300 4537; baseline 0 -16"><span class='ocrx_word' id='word_1_354' title='bbox 2240 4483 2300 4537; x_wconf 80' lang='lat'><strong>1*</strong></span> 
     </span>
    </p>
   </div>
  </div>
 </body>
</html>
