3251 5125
2516 411 2551 466 9

491 578 801 633 Macrobius
835 578 890 632 in
926 579 1193 633 somnium
1567 593 1653 648 ap.
1687 577 1839 633 Stob.
1875 577 2050 647 eclog.
2083 578 2242 648 phys,
2276 578 2303 632 1
2336 581 2417 647 20,
2437 582 2465 631 2

656 664 800 733 Scip.
828 664 856 718 Ι
882 669 962 732 11,
983 669 1028 720 6.
1507 681 1562 732 p.
1591 668 1704 732 172,
1725 668 1755 717 9
1780 663 2055 719 Wachsm.
2086 663 2267 732 (Diels
2299 665 2446 719 Vora
2474 662 2532 716 1³

410 766 484 819 Et
517 766 907 821 immutabilem
942 767 1162 835 quidem
1194 768 1378 821 mundi
1553 767 1604 818 1>-
1636 753 1732 803 319
1769 749 1812 802 P
1814 747 1963 802 hilol.
1999 747 2186 818 fragm·
2219 749 2347 804 duh·
2380 751 2485 816 21)-

306 856 519 920 partem
569 867 601 906 a
646 852 879 920 sphaera
932 867 1072 922 quae
1127 845 1378 919 ἅπλανής
1587 849 1700 904 Καὶ
1754 846 1821 904 τό
1868 848 1977 917 μὲν
2026 845 2391 920 ἀμετάβολον
2438 846 2551 904 α’πὸ

307 936 531 1004 dicitur,
601 952 776 1006 usque
836 937 908 991 ad
967 936 1119 1004 globi
1175 936 1377 991 lunaris
1428 921 1433 1027 f
1483 942 1588 999 τᾶς
1634 929 1700 989 τὸ
1753 926 1892 990 ὅλον
1938 933 2321 1006 περιεχούσας
2368 941 2555 1006 ψυχᾶς

308 1022 618 1091 exordium,
662 1021 975 1077 mutabilem
1017 1037 1149 1076 vero
1185 1037 1218 1076 a
1250 1022 1378 1076 luna
1428 1030 1433 1088 Ι
1481 1019 1644 1090 μέχρι
1723 1014 1965 1091 σελήνας
2039 1027 2405 1092 περαιοῦται,
2484 1017 2553 1076 τό

305 1107 380 1160 ad
419 1112 590 1163 terras
630 1123 799 1177 usque
837 1108 1091 1162 dixerunt
1125 1109 1223 1176 (sc.
1257 1107 1379 1162 Pla·
1428 1091 1433 1152 ἶ
1484 1105 1546 1162 δὲ
1590 1101 1962 1176 μεταβάλλον
2008 1101 2122 1161 ἀπὸ
2170 1113 2272 1171 τᾶς
2318 1103 2557 1177 σελήνας

305 1193 514 1261 tonici).
1428 1200 1432 1221 ⁴
1481 1189 1643 1261 μέχρι
1702 1197 1808 1255 τᾶς
1867 1196 1971 1261 γᾶς
2027 1192 2204 1247 Ζ61161·
2261 1192 2317 1246 1⁵
2373 1209 2429 1262 p.
2456 1197 2549 1247 871

1428 1276 1432 1346 l
1482 1277 1670 1333 adnot.
1698 1281 1743 1346 3,
1778 1294 1832 1346 p.
1858 1282 1959 1332 416
1995 1277 2180 1332 adnot.
2208 1281 2254 1332 3.
2267 1279 2311 1346 ¹)

475 1421 673 1479 Paene
755 1420 830 1479 ad
906 1421 1146 1478 verbum
1223 1420 1623 1496 conspirantia
1695 1419 1860 1480 vides
1934 1437 2065 1479 cum
2136 1420 2553 1479 Ps.-Philolao

304 1523 588 1581 Macrobii
652 1521 864 1592 verba3
932 1521 1069 1580 inde
1135 1523 1466 1582 necessario
1535 1523 1797 1596 sequitur
1861 1519 2015 1602 περὶ
2082 1521 2297 1605 ψυχῆς
2359 1522 2556 1582 libelli

304 1629 601 1685 auctorem
646 1628 703 1683 et
750 1624 1108 1683 Macrobium
1155 1626 1228 1683 ex
1274 1624 1477 1683 eodem
1522 1623 1683 1683 fonte
1726 1624 2004 1683 hausisse.
2080 1623 2367 1695 Quoniam
2413 1643 2551 1684 vero

303 1726 479 1786 hodie
538 1726 695 1785 haud
757 1728 1089 1801 ignoremus
1149 1727 1392 1799 (Bitsch.
1437 1728 1476 1784 l.
1508 1728 1548 1784 l.
1592 1746 1649 1802 p.
1685 1729 1745 1801 6)
1804 1728 2088 1787 Macrobii
2146 1729 2207 1784 in
2268 1728 2553 1786 somnium

303 1829 590 1904 Scipionis
666 1830 1110 1887 commentarios
1183 1828 1332 1887 nihil
1407 1829 1530 1888 fere
1596 1830 1898 1889 continere
1963 1831 2076 1889 nisi
2142 1848 2211 1888 66
2278 1848 2427 1904 quae
2492 1831 2552 1888 in

302 1933 738 1991 Platonicorum
792 1931 1059 2006 (fortasse
1114 1931 1432 2007 Posidonii)
1487 1930 1852 2007 quorundam
1912 1931 1986 1990 ad
2040 1933 2344 1991 Timaeum
2397 1950 2552 1992 com-

301 2036 601 2093 mentariis
658 2034 918 2108 legenda
976 2038 1165 2106 erant,
1225 2036 1396 2093 etiam
1456 2032 1610 2114 περὶ
1666 2034 1882 2114 ψυχῆς
1940 2040 2235 2094 auctorem
2295 2035 2553 2095 eiusdem

301 2135 477 2195 fontis
518 2138 851 2195 memoriam
889 2138 1233 2211 repetivisse
1275 2137 1417 2195 licet
1454 2155 1753 2213 ponamus.
1827 2138 1911 2196 At
1946 2138 2101 2196 unde
2132 2139 2365 2197 omnino
2398 2156 2552 2197 com·

301 2241 713 2298 mentariorum
761 2240 1091 2299 auctoribus
1137 2240 1396 2297 manavit
1441 2241 1576 2298 talis
1620 2239 1956 2314 sapientia?
2030 2241 2268 2316 Cogites
2304 2242 2551 2316 primum

303 2341 378 2401 de
415 2343 737 2401 Aristotele
782 2359 955 2416 quem
1001 2346 1228 2400 constat
1272 2341 1544 2400 docuisse
1590 2342 1793 2400 mundi
1832 2344 2268 2402 universitatem
2308 2343 2553 2403 divisam

303 2462 433 2504 esse
470 2446 530 2502 in
569 2444 713 2504 duas
750 2449 964 2520 parteS,
1010 2445 1327 2503 aetheriam
1369 2444 1403 2502 i.
1435 2462 1482 2502 e.
1524 2448 1824 2504 aeternam
1865 2463 2016 2520 quae
2058 2445 2131 2504 ab
2170 2447 2551 2504 inerrantium

303 2549 604 2607 stellarum
657 2549 826 2607 caelo
884 2546 1150 2606 deorsum
1203 2548 1524 2623 pertineret
1576 2566 1759 2623 usque
1814 2547 1889 2607 ad
1942 2549 2120 2608 lunae
2171 2547 2551 2624 superficiem,

301 2656 591 2711 terrenam
645 2653 681 2711 i.
712 2670 760 2710 e.
817 2650 1124 2723 caducam,
1177 2669 1326 2726 quae
1381 2653 1671 2727 inciperet
1724 2671 1758 2710 a
1810 2653 2005 2710 lunari
2056 2654 2234 2727 globo
2280 2652 2551 2712 deorsum

303 2751 376 2813 ef.
422 2755 802 2828 Meteorolog.
847 2754 904 2811 A
930 2755 966 2810 3
1019 2772 1075 2828 p.
1109 2754 1399 2825 340ass.,
1446 2755 1646 2824 342a3
1702 2755 1838 2813 Aet.
1876 2756 2031 2830 plac.
2070 2754 2127 2812 II
2167 2755 2323 2826 4,11
2374 2755 2549 2828 (Dox.

300 2874 356 2931 p.
390 2857 536 2931 332)
591 2858 786 2914 Zeller
838 2855 897 2913 II
931 2857 1006 2911 23
1060 2875 1115 2931 p.
1148 2857 1288 2913 434.
1379 2856 1651 2915 Concedo
1705 2856 1939 2931 quidem
1994 2857 2152 2933 apud
2205 2857 2343 2916 libri
2396 2855 2550 2937 περὶ

302 2957 514 3040 ψυχῆς
573 2962 866 3018 auctorem
925 2959 1220 3017 vocabula
1279 2958 1509 3034 quidem
1573 2977 1780 3033 sapere
1840 2960 2248 3032 Aristotelem,
2319 2947 2552 3039 ἀμετά-

299 3059 542 3140 βλητος
595 3059 924 3136 Metaphys.
964 3060 1076 3121 Δ4
1130 3080 1184 3135 p.
1224 3062 1582 3132 1014b283
1645 3060 1799 3121 Δ12
1856 3081 1911 3136 p.
1947 3064 2298 3133 10192273
2358 3081 2551 3139 μετα·
2610 3076 2613 3081 ·

299 3152 556 3239 βάλλον
609 3162 783 3236 Phys.
831 3180 879 3220 c.
913 3162 952 3219 4
1003 3182 1058 3238 p.
1093 3164 1399 3233 234b103
1454 3181 1502 3221 ο.
1536 3164 1572 3221 5
1625 3181 1681 3237 p.
1712 3163 2016 3235 236a143
2072 3166 2181 3223 0.ss
2228 3182 2285 3239 p.
2312 3163 2548 3222 237b3

301 3266 402 3339 al.,
469 3265 573 3323 sed
639 3267 883 3340 primum
955 3283 1028 3323 ex
1094 3284 1162 3324 eo
1231 3266 1385 3340 quod
1451 3266 1609 3340 apud
1670 3266 2142 3324 PS.-Philolaum
2210 3283 2398 3325 sermo
2463 3269 2550 3325 est

301 3366 375 3426 de
458 3367 657 3425 mundi
740 3370 932 3426 anima
1014 3386 1164 3443 quae
1247 3367 1672 3427 circumfundat
1746 3369 1942 3427 omnia
2015 3367 2156 3444 (τᾶς
2228 3363 2308 3429 τὸ
2386 3355 2548 3429 ὅλου

301 3462 733 3549 περιεχούσας
800 3470 1066 3549 ψυχᾶς),
1132 3471 1268 3530 dein
1335 3490 1366 3529 e
1432 3472 1691 3552 ratione*
1728 3488 1844 3546 qua
1908 3470 2108 3529 mundi
2173 3489 2311 3545 pars
2373 3488 2550 3547 supra

299 3574 502 3631 lunam
563 3574 676 3633 sita
735 3578 1106 3648 comparetur
1161 3575 1427 3634 mutabili
1485 3575 1641 3649 parti
1700 3574 2098 3648 colligendum
2153 3577 2241 3632 est
2284 3591 2390 3632 nos
2435 3573 2549 3633 hoc

298 3677 435 3734 loco
465 3676 718 3751 vestigia
747 3676 1249 3751 Pythagoreorum
1281 3694 1543 3751 premere
1582 3676 1655 3735 cf.
1687 3678 1898 3735 Zeller.
1931 3677 1997 3734 1⁵
2033 3695 2092 3752 p.
2116 3676 2236 3733 371
2270 3675 2465 3734 adnot.
2492 3676 2550 3737 3.

300 3777 688 3837 Ps.-Philolai
738 3778 916 3853 igitur
967 3780 1272 3837 statuimus
1324 3778 1544 3837 fontem
1599 3778 1846 3837 eundem
1903 3796 1975 3837 ex
2029 3796 2144 3853 quo
2189 3777 2551 3837 Macrobium

299 3878 563 3939 hausisse
592 3879 914 3949 Bitschium
945 3881 1074 3957 (1.1.
1109 3899 1164 3955 p.
1192 3883 1253 3955 6)
1293 3884 1605 3956 sequentes
1645 3884 1758 3939 iam
1800 3899 1976 3955 supra
2010 3880 2549 3957 demonstravimus,

300 3982 595 4040 Platonici
647 3981 948 4041 cuiusdam
1000 3983 1063 4040 in
1116 3983 1379 4041 Platonis
1432 3983 1735 4041 Timaeum
1791 3984 2266 4042 commentarium
2316 3984 2378 4041 in
2431 3999 2547 4058 qno

299 4082 558 4158 undique
602 4087 994 4159 pertractatae
1039 4088 1207 4143 erant
1249 4084 1751 4160 Pythagoreorum
1796 4086 2121 4144 sententiae
2166 4086 2245 4159 (v.
2286 4089 2360 4145 et.
2393 4085 2549 4145 infra

472 4298 517 4365 ¹)
561 4296 642 4351 cf.
686 4296 880 4353 Philol.
928 4311 1015 4366 ap.
1052 4297 1177 4352 Aet.
1222 4298 1363 4367 plac.
1401 4297 1456 4352 II
1492 4304 1538 4368 7,
1567 4305 1596 4351 7
1642 4298 1823 4367 (Πί616
1864 4299 2005 4353 Dox.
2049 4315 2102 4368 p.
2130 4302 2253 4366 336,
2298 4298 2449 4355 Vors.
2486 4298 2545 4352 1⁸

297 4399 353 4451 p.
381 4386 478 4436 306
516 4382 708 4439 Philol.
745 4383 798 4437 A
820 4387 882 4438 16
921 4398 990 4438 ex
1026 4383 1451 4454 Theophrasto).
