3251 5125
668 365 746 421 22

667 555 784 597 non
838 537 1014 597 fuisse
1069 539 1206 598 satis
1259 540 1627 615 perspicuum
1682 537 1745 597 fit
1798 558 1829 598 e
1884 541 2059 598 Plinii
2116 542 2311 600 verbis
2357 543 2514 618 (Nat.
2555 541 2924 613 Hist.118):

670 639 896 708 Sidera,
937 658 1087 713 quae
1126 641 1326 712 adfixa
1367 641 1616 700 diximus
1656 643 1891 712 munde,
1930 661 2052 701 non
2092 644 2220 713 illa,
2258 647 2329 701 ut
2366 629 2667 703 emistimat
2692 644 2926 718 volquS,

669 745 920 817 sinyulz's
981 745 1268 802 attributa
1325 746 1492 802 nobis
1550 749 1610 804 >et
1668 735 1848 803 clara'
1896 747 2195 816 divitibus,
2254 749 2489 805 mino-ra
2535 747 2925 820 pauperibus,

671 847 917 904 obscura
963 847 1204 920 defectis
1250 865 1320 904 ac
1351 865 1465 919 pro
1511 825 1666 905 sorte
1713 851 1989 921 cuiusque
2037 850 2292 907 lucentia
2334 849 2727 907 adnumerata
2763 866 2924 907 mor—

675 949 906 1016 talibus,
954 966 1082 1006 cum
1126 966 1231 1006 suo
1274 967 1535 1021 quaeque
1576 937 1806 1008 homine
1846 956 1976 1008 orta
2016 955 2349 1009 moriuntur
2387 967 2490 1009 nec
2530 952 2786 1024 aliquem
2826 969 2925 1009 ew-

671 1053 894 1125 stinyui
933 1053 1180 1109 decidua
1218 1053 1656 1128 siqnificant31)
1699 1053 1771 1111 cf.
1802 1060 2007 1128 postea
2045 1056 2257 1113 Euseb.
2282 1056 2455 1113 Alex.
2498 1054 2570 1114 de
2608 1059 2927 1112 astronom.

673 1169 719 1212 c.
754 1156 779 1209 1
826 1154 1023 1228 [Nova
1060 1158 1206 1230 patr.
1249 1155 1608 1214 bibliotheca
1649 1155 1738 1214 ed.
1778 1157 1851 1213 ab
1892 1158 2134 1231 Angelo
2172 1158 2327 1216 Maio
2365 1161 2503 1216 tom.
2528 1156 2585 1214 II
2626 1142 2927 1231 p.522A‚

671 1257 826 1314 Patr.
859 1255 956 1315 Gr.
1008 1261 1144 1314 tom.
1175 1258 1331 1328 86,1
1389 1275 1442 1331 p.
1477 1257 1598 1316 453
1656 1259 1909 1334 Migne]:
1971 1248 2227 1341 ἥκουσα
2285 1253 2467 1338 παρά
2526 1278 2753 1333 τινων,
2814 1249 2929 1320 ὅτι

672 1352 845 1418 κατὰ
891 1345 1136 1438 ἄστρον
1183 1359 1496 1439 γεννᾶται
1543 1351 1911 1440 ἄνθρωπος
1957 1359 2069 1421 καὶ
2116 1350 2218 1422 ὅτι
2260 1349 2408 1423 ὅσοι
2449 1357 2715 1441 ἀστέρες
2754 1357 2931 1423 εἰσὶν

673 1455 746 1520 ἐν
817 1459 915 1542 τῷ
989 1455 1289 1542 οὐρανῷ,
1367 1461 1684 1523 τοσοῦτοι
1760 1461 1870 1523 καὶ
1948 1455 2309 1544 ἄνθρωποί
2384 1461 2553 1526 εἰσιν
2624 1459 2731 1525 ἐπὶ
2806 1463 2929 1546 τῆς

675 1562 818 1644 γῆς,
885 1561 995 1624 καὶ
1065 1553 1232 1624 ὅταν
1303 1552 1621 1643 ἀποθάνῃ
1691 1556 2087 1644 ἄνθρωπος,
2155 1564 2264 1626 καὶ
2333 1560 2369 1627 ὁ
2438 1554 2645 1646 ἀστὴρ
2708 1554 2929 1626 αὐτοῖ-

675 1653 990 1740 ἐκλείπει,
1047 1663 1156 1726 καὶ
1205 1653 1370 1727 ὅταν
1415 1667 1715 1749 γεννηθῇ
1758 1657 2158 1748 ἄνθρωπος,
2206 1665 2318 1728 καὶ
2366 1662 2401 1729 ὁ
2454 1657 2659 1748 ἀστὴρ
2706 1663 2931 1729 αὐτοῦ

673 1765 1211 1848 apamienam)
1259 1768 1329 1828 cf.
1361 1771 1588 1828 Usener
1638 1771 2181 1846 Weihnaehtsfesw
2225 1774 2379 1847 p.79
2422 1771 2739 1847 adnotes,
2786 1771 2930 1830 Boll

676 1871 964 1941 Socrates,
1009 1871 1114 1929 NF
1153 1872 1264 1929 Vl
1316 1873 1474 1929 1917
1516 1890 1570 1946 p.
1597 1873 1633 1929 3
1682 1872 1875 1953 adnot.
1908 1877 1957 1932 1.
2032 1875 2201 1932 Hanc
2242 1875 2709 1948 superstitionem
2750 1873 2931 1932 irrisit

675 1973 968 2032 Lucienus
1015 1975 1172 2047 (Ver.
1211 1975 1440 2038 Narrat.
1479 1975 1661 2050 129).
1751 1976 2009 2046 Quacum
2066 1976 2344 2036 cohaeret
2394 1978 2520 2034 alia
2564 1976 2763 2052 opinio
2809 1994 2929 2050 qua

677 2077 1106 2136 demonstratur
1170 2081 1301 2153 post
1365 2077 1616 2136 hominis
1684 2084 1924 2137 mortem
1991 2098 2204 2137 novam
2272 2081 2506 2138 elucere
2572 2081 2806 2138 stellam
2864 2080 2929 2136 in

677 2180 874 2250 caelo;
941 2180 1348 2239 Artemidorus
1414 2180 1637 2256 profert
1703 2183 2195 2240 narratiunculam
2264 2182 2486 2240 bellam
2546 2181 2699 2241 hanc
2758 2183 2929 2253 (onir.

676 2281 728 2339 V
770 2281 848 2338 23
922 2299 978 2356 p.
1018 2281 1141 2340 258
1217 2282 1531 2358 Hercherz)
1609 2274 1845 2361 ’Ὲόοξέ
1924 2304 2021 2355 τις
2103 2283 2226 2345 τοῦ
2311 2279 2607 2364 οὐρανοῦ
2682 2271 2929 2363 ἀστέρα

678 2379 986 2445 ἐκπεσεῖν
1083 2381 1196 2444 καὶ
1292 2374 1500 2470 ἄλλον
1593 2380 1896 2465 χαμόθεν
1994 2383 2085 2459 εἰς
2170 2379 2293 2447 τὸν
2381 2376 2681 2466 οὐρανὸν
2768 2405 2931 2446 ανα-

677 2486 893 2570 βῆναι.
956 2485 1162 2559 οὕτος
1219 2469 1301 2570 ἦν
1361 2483 1622 2569 οἰκέτης
1682 2481 1882 2559 τινός.
1947 2481 2174 2550 ε’πειτα
2235 2483 2270 2551 ὁ
2330 2479 2656 2571 δεσπότης
2714 2483 2929 2549 αὐτοῦ

679 2578 1049 2665 ἀπέθανεν,
1137 2584 1507 2675 ἡγούμενος
1596 2588 1693 2653 δὲ
1754 2585 2113 2672 ἐλεύθερός
2202 2612 2271 2654 τε
2359 2590 2469 2689 {eal
2559 2587 2931 2664 αόἐσποτος

679 2696 848 2753 εἰναι
903 2678 1055 2772 εὗρε
1107 2691 1317 2755 παῖδα
1372 2694 1495 2754 τοῦ
1541 2690 1879 2774 προτέρου
1927 2689 2283 2770 δεσπότου,
2340 2691 2395 2775 ᾧ
2439 2697 2587 2755 κατ’
2632 2683 2931 2776 ἀνάγκην

679 2790 1090 2857 ἐδούλευσεν.
1148 2794 1190 2857 ο
1239 2794 1362 2875 μὲν
1414 2786 1539 2857 οὗν
1591 2792 1817 2858 πεσών
1870 2792 2076 2879 αστὴρ
2132 2791 2435 2881 ἐσήμαινε
2490 2792 2612 2858 τὸν
2668 2794 2933 2861 αποθα-

681 2892 1034 2978 νούμενον,
1119 2893 1154 2961 ὁ
1235 2896 1305 2960 δε
1379 2896 1468 2971 εἰς
1542 2888 1837 2980 οὐρανὸν
1914 2896 2226 2963 ανελθών
2296 2896 2421 2961 τὸν
2496 2896 2930 2981 ἐποψόμενον

681 2999 790 3062 καὶ
847 2996 1270 3064 δεσπόσοντα
1323 2998 1554 3064 αὐτοῦ.
1577 3003 1627 3079 3)
1724 3005 1894 3062 Riese
1946 3004 2106 3063 Mus.
2137 3005 2325 3063 Rheae.
2370 3005 2477 3062 NF
2522 3003 2714 3061 XLIX
2768 3002 2931 3061 1894

854 3170 897 3237 ¹)
930 3168 1017 3225 Cf.
1049 3169 1307 3225 Bouche-
1316 3170 1581 3239 Leclercq
1617 3170 1841 3227 l'astrol.
1865 3171 2105 3239 Grccque
2140 3189 2194 3240 p.
2217 3176 2280 3224 23
2316 3171 2507 3225 adnot.
2527 3176 2568 3224 1.
2623 3170 2935 3225 Cohaerent

684 3272 804 3309 cum
849 3255 950 3309 hac
993 3255 1251 3324 opinione
1297 3256 1420 3311 illae
1463 3257 1799 3311 narrationes
1839 3257 1892 3310 in
1938 3257 2137 3325 quibus
2175 3272 2355 3311 sermo
2394 3261 2477 3311 est
2514 3256 2583 3310 de
2619 3256 2817 3311 lucidis
2850 3254 2933 3309 lu-

683 3340 916 3395 minibus
968 3340 1152 3395 subito
1206 3340 1341 3395 visis
1393 3340 1490 3395 ubi
1542 3340 1869 3396 clarissimus
1920 3341 2083 3396 homo
2138 3348 2299 3395 natus
2352 3347 2436 3396 est-
2482 3340 2571 3395 vel
2618 3340 2933 3395 Alexander

682 3424 912 3480 Macedo
968 3424 1132 3495 (Plut.
1175 3422 1339 3480 Alex.
1380 3427 1466 3494 12)
1525 3425 1593 3480 cf.
1650 3426 1840 3481 Soltau
1901 3426 2434 3497 Geburtsyeschichte
2493 3425 2707 3480 Christi
2765 3444 2819 3495 p.
2848 3430 2931 3479 20.

683 3510 792 3565 Vix
840 3527 982 3579 opus
1030 3512 1131 3565 erit
1177 3526 1398 3565 monere
1446 3511 1643 3566 eodem
1686 3516 1936 3579 tempore
1973 3529 2083 3581 quo
2120 3512 2364 3567 Christus
2401 3517 2561 3566 natus
2599 3515 2683 3566 est
2718 3511 2931 3567 stellam

685 3596 923 3651 eluxisse
959 3596 1171 3663 (Matth.
1206 3596 1260 3650 II
1287 3600 1359 3663 2).

855 3682 902 3749 ²)
937 3680 1019 3737 Cf.
1057 3680 1108 3736 S.
1135 3681 1392 3737 Athanas.
1419 3682 1578 3737 Alex.
1609 3699 1736 3751 opp.
1774 3698 1899 3751 pars
1934 3682 2019 3737 111
2054 3684 2287 3753 Exeget.
2323 3684 2377 3736 in
2414 3684 2556 3737 Patr.
2583 3682 2674 3737 Gr.
2712 3687 2841 3737 tom.
2868 3686 2930 3735 27

683 3783 736 3835 p.
766 3771 895 3821 1364
915 3766 976 3821 B.

857 3854 902 3921 ³)
939 3852 1146 3909 Similia
1181 3854 1328 3922 apud
1363 3853 1566 3910 Esthos
1601 3853 1671 3907 cf.
1704 3855 1771 3908 R.
1792 3854 2016 3908 Andree
2052 3853 2087 3908 l.
2106 3854 2139 3907 l.
2176 3871 2229 3922 p.
2254 3858 2374 3909 112:
2415 3852 2597 3907 Einer
2628 3851 2706 3907 ist
2738 3851 2936 3906 wieder

685 3938 987 4007 yaetorben,
1047 3938 1140 3991 ein
1190 3938 1356 3993 Stern
1411 3938 1500 4009 fiel
1560 3938 1739 3993 herab.
1834 3940 2073 3995 Strictim
2132 3945 2385 4007 tangatur
2443 3940 2663 4008 quidam
2716 3938 2937 4009 mythus

687 4023 833 4092 apud
869 4023 1272 4079 Litthavienses
1307 4025 1694 4095 pervulgatus:
1738 4024 1859 4080 Fati
1894 4025 1999 4080 dea
2033 4026 2337 4095 (werpeya)
2374 4024 2713 4079 nascentium
2749 4024 2937 4091 coepit

685 4108 740 4162 in
776 4108 929 4164 caelo
966 4114 1222 4178 torquere
1258 4111 1507 4181 stamina,
1545 4126 1775 4179 quorum
1812 4111 2217 4180 unumquidque
2254 4112 2367 4166 exit
2401 4112 2455 4165 in
2491 4110 2731 4179 stellam3
2776 4108 2937 4163 mori-

688 4198 813 4250 ente
857 4194 1074 4249 homine
1120 4195 1386 4250 scinditur
1427 4194 1602 4265 filum,
1648 4195 1860 4264 pallens
1904 4196 2115 4251 decidit
2158 4195 2317 4251 stella
2352 4194 2419 4249 cf.
2451 4193 2733 4249 Friedrich
2774 4192 2935 4249 Welt-

687 4278 882 4349 korper
909 4297 964 4349 p.
983 4284 1073 4346 253
1112 4280 1315 4336 Grimm
1344 4280 1421 4335 D.
1443 4280 1522 4335 M.
1548 4280 1635 4334 ΙΙ*
1666 4298 1719 4349 p.
1740 4286 1864 4351 6023
1894 4282 2047 4351 Ettig
2071 4280 2441 4335 Acheruntiea
2472 4298 2524 4349 p.
2547 4285 2639 4334 311
2674 4280 2857 4334 adnot.
2879 4283 2935 4341 2;

690 4365 1012 4422 Mannhardt
1061 4366 1241 4422 Germ.
1275 4365 1508 4437 Mychon
1552 4383 1604 4436 p.
1635 4370 1749 4422 378.
1837 4367 2027 4423 Liceat
2076 4366 2184 4421 huc
2236 4371 2527 4422 annectere
2574 4362 2935 4435 sepulcralem
