3251 5125
638 355 716 412 38

635 526 790 600 plac.
829 525 914 582 111
949 525 1001 597 1,
1027 525 1062 583 3
1110 524 1297 598 (Diels
1342 525 1491 584 Dox.
1537 542 1594 600 p.
1627 523 1767 597 365,
1818 523 1980 582 Vors.
2019 523 2113 583 11³
2158 540 2212 598 p.
2244 522 2563 597 142a13):
2612 513 2878 602 Μητρό-

638 623 852 706 δωρος
906 622 1015 688 διὰ
1065 619 1193 706 τὴν
1243 619 1552 706 πάροδον
1607 624 1732 686 τοῦ
1783 619 2013 706 ἡλίου·
2069 623 2324 686 τοῦτον
2369 616 2495 705 γὰρ
2542 614 2711 685 εἶναι
2756 618 2881 684 τὸν

635 721 922 807 ἡλιακὸν
959 722 1236 788 κύκλον.
1253 729 1300 803 1)
1367 729 1754 788 posteriorum
1787 728 2117 786 testimonia
2151 743 2242 801 ap.
2269 725 2501 786 Gundel
2532 726 2629 783 l.l.
2661 742 2716 800 p.
2740 726 2879 784 561.

635 831 762 889 Neo
793 832 978 890 minus
1007 833 1236 890 vetusta
1265 830 1495 889 videtur
1525 831 1598 889 de
1627 832 1820 889 lacteo
1851 829 1991 888 orbe
2020 829 2261 888 deorum
2292 829 2390 886 via
2419 828 2633 904 opinio.
2694 825 2881 898 Quam

637 934 884 1010 primum
928 934 1078 1008 legis
1123 933 1279 1009 apud
1323 933 1641 994 Pindarum
1686 933 1887 1009 fragm.
1920 933 2001 992 30
2045 930 2237 991 Schr.:

943 1051 1224 1132 πρῶτον
1265 1049 1387 1134 μὲν
1431 1043 1765 1129 εὔβουλον
1815 1050 2019 1133 θέμιν
2063 1047 2391 1131 ου’ρανίαν

945 1152 1324 1235 χρυσέαισιν
1370 1151 1602 1228 ἵπποις
1650 1149 1968 1218 Ὠκεανοῦ
2010 1150 2196 1235 παρὰ
2240 1153 2468 1236 παγᾶν

945 1259 1195 1337 Μοῖραι
1237 1255 1396 1319 ποτὶ
1444 1256 1731 1336 κλίμακα
1778 1249 2025 1338 σεμνάν

946 1343 1113 1440 ἆγον
1156 1347 1542 1439 Ὀλύμπου
1587 1355 1931 1440 λιπαρὰν
1974 1358 2157 1421 καθ’
2202 1353 2395 1420 ὁδόν

947 1461 1248 1545 σωτῆρος
1295 1450 1578 1542 ἀρχαίαν
1623 1451 1871 1542 ἄλοχον
1913 1457 2066 1534 Διὸς
2111 1454 2326 1542 ἔμμεν.

643 1581 727 1643 cf.
770 1582 1088 1658 Gruppium
1133 1583 1162 1640 1
1207 1599 1261 1657 p.
1295 1581 1416 1639 395
1465 1599 1511 1639 c.
1553 1581 1752 1640 adnot.
1786 1582 1839 1638 6.
1914 1583 2083 1639 Hanc
2131 1573 2425 1660 λιπαρὰν
2461 1570 2628 1642 ὁδὸν
2671 1579 2891 1638 dietam

643 1702 771 1744 esse
816 1686 1070 1744 lacteum
1116 1685 1314 1743 orbem
1359 1702 1432 1743 ex
1478 1683 1689 1743 Ovidio
1734 1685 2105 1760 perspicuum
2150 1683 2213 1741 fit
2257 1681 2635 1759 metamorph.
2673 1683 2699 1740 1
2736 1681 2889 1740 168:

953 1809 1039 1863 cst
1079 1807 1179 1861 via
1223 1805 1506 1872 sublimis,
1554 1805 1715 1862 caelo
1759 1806 2085 1878 manifesta
2128 1819 2362 1862 screno:

955 1909 1146 1965 lactea
1188 1924 1401 1965 nomen
1446 1907 1634 1975 habet,
1682 1908 1933 1965 candore
1975 1908 2257 1965 notabilis
2306 1909 2445 1980 ipsc.

953 2011 1063 2068 hac
1109 2012 1217 2067 iter
1261 2013 1349 2068 est
1388 2011 1612 2082 superis
1660 2010 1741 2067 ad
1781 2013 1987 2084 niayni
2034 2014 2183 2068 tecta
2230 2011 2491 2068 tonantis
2508 2011 2556 2084 2)

953 2114 1322 2186 reyaleniqne
1366 2113 1616 2171 domum.

647 2233 731 2294 Of.
771 2232 1006 2293 Gundel
1049 2234 1144 2291 De
1187 2233 1337 2292 stell.
1378 2233 1592 2306 appell.
1638 2251 1692 2308 p.
1726 2232 1865 2290 244.

817 2352 933 2413 Ubi
984 2369 1126 2411 vero
1178 2353 1432 2412 lacteum
1478 2352 1679 2411 orbem
1724 2368 1855 2411 esse
1901 2351 2138 2412 deorum
2182 2353 2336 2412 viam
2381 2351 2647 2411 homines
2692 2352 2893 2427 opina-

645 2457 874 2530 bantur,
919 2455 1174 2530 simplici
1217 2455 1408 2513 animo
1455 2453 1699 2517 arduum
1744 2473 1863 2513 non
1908 2458 2035 2513 erat
2077 2472 2291 2513 nexum
2336 2455 2592 2529 aliquem
2638 2457 2897 2513 statuere

646 2559 799 2618 inter
841 2557 995 2618 hanc
1039 2557 1279 2618 deorum
1323 2558 1478 2616 viam
1526 2561 1586 2617 et
1620 2554 1901 2616 homines.
1974 2557 2227 2618 Lacteus
2266 2556 2423 2617 orbis
2460 2556 2545 2618 sio
2584 2555 2759 2616 fiebat
2796 2556 2898 2614 via

649 2680 765 2737 qua
828 2662 1081 2737 migrant
1144 2658 1382 2719 heroum
1448 2661 1677 2719 animae
1741 2661 1802 2717 in
1870 2659 2165 2719 beatorum
2232 2662 2455 2719 insulas
2512 2661 2575 2718 in
2634 2662 2895 2718 extremo

650 2762 888 2825 Oceano
927 2764 1084 2823 sitas.
1159 2763 1332 2823 Cuius
1371 2762 1659 2839 opinionis
1697 2764 1917 2838 primns
1954 2764 2115 2823 testis
2155 2767 2213 2823 et
2250 2763 2540 2823 Pindarus
2580 2762 2674 2824 01.
2704 2762 2895 2820 1168:

737 2871 885 2946 ὅσοι
931 2882 999 2945 δ’
1043 2876 1417 2962 ἐτόλμασαν
1461 2878 1679 2960 ἐστρίς

738 2980 1114 3066 ἑκατέρωθι
1155 2982 1498 3065 μείναντες
1547 2973 1681 3045 ἀπὸ
1725 2980 2013 3064 πάμπαν
2059 2981 2309 3046 ἀδίκων
2355 2978 2523 3064 ἔχειν

735 3079 978 3168 ψυχάν,
1023 3078 1283 3147 ἔτειλαν
1329 3078 1481 3158 Διὸς
1525 3078 1695 3148 ὁδὸν
1739 3081 1925 3167 παρὰ
1970 3080 2241 3166 Κρόνου
2284 3080 2551 3166 τύρσιν·
2601 3080 2770 3147 ἔνθα

2282 3181 2607 3267 μακάρων

739 3272 952 3335 νᾶσον
996 3260 1356 3345 ὠκεανίδες

741 3370 937 3457 αὖραι
979 3372 1456 3457 περιπνέοισιν.

655 3496 742 3558 cf.
780 3494 982 3573 Bergk
1024 3496 1095 3554 K
1100 3497 1248 3555 lcinc
1277 3496 1490 3569 philol.
1523 3495 1823 3569 Schriften
1866 3496 1922 3553 II
1966 3514 2021 3571 p.
2050 3497 2187 3554 708.
2201 3498 2247 3571 3)

829 3716 872 3783 ¹)
915 3699 1000 3769 Cf.
1035 3713 1164 3769 Isid.
1202 3713 1339 3783 orig.
1376 3712 1460 3767 111
1489 3718 1556 3767 46
1591 3672 1826 3768 Lacteus
1860 3712 2101 3767 circulus
2134 3712 2230 3766 via
2266 3716 2358 3781 cst,
2397 3730 2534 3782 qnae
2569 3713 2635 3767 in
2666 3712 2903 3783 sphaera

655 3799 886 3867 videtur,
921 3816 958 3853 a
993 3798 1226 3854 candore
1260 3797 1425 3865 dicta,
1463 3797 1596 3867 qnia
1632 3796 1759 3851 alba
1794 3800 1887 3852 est.
1951 3798 2126 3867 Quam
2161 3798 2340 3867 aliqui
2378 3798 2571 3853 dicunt
2606 3798 2755 3853 viam
2790 3813 2901 3853 esse

657 3901 768 3954 qua
801 3884 1001 3939 circuit
1033 3883 1130 3948 sol,
1167 3887 1218 3937 et
1253 3900 1320 3937 ecc
1353 3883 1663 3953 splendoris
1698 3882 1881 3951 ipsius
1916 3884 2162 3938 transitu
2198 3883 2282 3937 ita
2320 3884 2507 3938 lucere.

827 3982 873 4045 2)
917 3978 1097 4033 Etiam
1141 3977 1292 4048 apud
1326 3976 1496 4032 Indos
1537 3978 1747 4033 lacteus
1791 3978 1938 4033 orbis
1982 3977 2212 4032 deorum
2258 3978 2346 4032 via
2388 3978 2664 4047 cogitatus
2707 3981 2792 4033 est
2832 3976 2902 4033 cf.

658 4064 726 4118 A.
751 4064 913 4118 Kuhn
961 4062 1224 4117 Zeiischr.
1259 4063 1423 4133 veryl.
1453 4062 1866 4133 Sprachforsch.
1905 4062 1959 4117 11
1999 4067 2129 4117 1853
2171 4079 2225 4132 p.
2247 4068 2369 4132 31⁷3
2414 4063 2565 4131 apud
2600 4062 2901 4119 Germanos

659 4148 730 4205 cf.
761 4150 984 4204 Grimm.
1013 4148 1090 4203 D.
1110 4148 1190 4203 M.
1220 4147 1279 4202 1⁴
1314 4164 1369 4218 p.
1395 4152 1520 4216 2953
1558 4148 1794 4204 Gundel.
1830 4147 1920 4202 Dc
1952 4147 2091 4203 stell.
2122 4147 2321 4217 appell.
2358 4166 2414 4217 p.
2439 4153 2539 4203 244
2575 4148 2758 4204 adnot.
2785 4153 2831 4214 2.

831 4246 876 4310 ³)
923 4242 1084 4298 Unde
1137 4257 1282 4312 nego
1333 4242 1613 4297 Rohdium
1664 4242 1779 4309 (ΡΒ.
1817 4241 1906 4296 11²
1956 4258 2010 4311 p.
2042 4246 2141 4296 213
2188 4241 2371 4297 adnot.
2405 4242 2460 4311 2)
2511 4246 2661 4297 recte
2714 4246 2907 4297 contra

661 4328 960 4397 Bergkium
985 4327 1105 4397 (Kl.
1121 4327 1386 4399 philolog.
1413 4327 1566 4384 Schr.
1593 4327 1648 4382 11
1677 4344 1731 4398 p.
1748 4329 1871 4396 708)
1901 4329 1995 4398 qui
2020 4322 2153 4391 Διὸς
2183 4321 2320 4382 ὁδὸν
2347 4328 2463 4383 inre
2489 4328 2648 4383 duxit
2668 4327 2907 4384 lacteum
