3251 5125
2518 360 2618 432 23,

343 552 402 610 p.
441 535 577 607 187,
626 534 772 604 188;
833 532 1108 592 Weicker
1165 532 1540 608 Seelenvoyel
1596 551 1653 608 p.
1686 531 1782 590 57.
1882 532 1995 591 Sed
2048 534 2313 594 exstabat
2366 536 2599 608 praeter

343 637 454 694 has
527 637 647 694 alia
712 637 880 712 vulgi
953 635 1170 711 opinio.
1286 636 1411 693 Iam
1478 636 1895 710 antiquissimis
1962 635 2319 719 temporibus
2386 635 2597 696 Graeci

341 738 565 798 fabulis
619 737 1090 812 carminibusque
1145 737 1616 796 celebraverunt
1651 738 1888 796 deorum
1938 738 2092 796 filios
2138 743 2197 796 et
2241 737 2488 796 dilectos
2533 743 2597 796 ut

341 841 608 917 praemia
642 839 965 900 facinorum
1006 841 1345 917 acciperent
1379 839 1616 899 fortium
1656 859 1723 898 ac
1756 841 2236 913 memorabilium,
2273 841 2335 898 in
2364 841 2593 900 caelum

341 947 594 1002 remotos
639 943 836 1017 ibique
881 945 941 1000 in
986 944 1156 1002 astris
1201 943 1440 1019 positoS,
1487 943 1803 1002 Herculem
1850 943 1980 1002 dico
2022 942 2279 1016 (Gundel
2324 943 2420 1001 De
2457 943 2593 1002 stel-

348 1047 542 1104 larum
595 1047 995 1120 appellatione
1049 1050 1105 1104 et
1153 1047 1437 1119 reliyione
1479 1047 1760 1104 Romana
1804 1063 1858 1121 p.
1895 1047 2014 1102 229
2064 1043 2591 1121 [Religionsgesch.

342 1148 645 1208 Versuche
703 1149 824 1206 und
882 1149 1268 1207 Vox-arbeiten
1326 1147 1558 1223 1112J),
1621 1147 2062 1207 Andromedam
2121 1148 2391 1220 (Robert,
2450 1137 2594 1206 Era-

339 1252 590 1311 tosthen.
637 1255 839 1311 catast.
885 1253 992 1310 rel.
1047 1271 1101 1326 p.
1143 1251 1265 1309 243
1289 1253 1358 1326 s.)
1413 1253 1579 1309 alios,
1670 1253 1883 1309 Postea
1936 1250 2139 1308 eadem
2194 1252 2345 1308 inter
2398 1250 2594 1310 sidera

339 1351 752 1414 immortalitas
806 1340 1084 1414 attributa
1139 1359 1228 1418 est
1282 1355 1455 1412 etiam
1510 1355 1652 1412 viris
1711 1352 2055 1428 quibusdam
2110 1354 2207 1427 qui
2261 1354 2593 1413 eminebant

337 1457 492 1514 inter
530 1456 848 1532 populares
888 1460 986 1513 aut
1027 1455 1332 1514 nobilitate
1371 1459 1470 1513 aut
1510 1455 1775 1513 doctrina
1816 1458 2055 1528 arteque
2096 1458 2194 1511 aut
2233 1453 2591 1512 fortitudine.

337 1559 544 1618 Liceat
601 1556 714 1616 huc
775 1557 1066 1633 proferam
1121 1557 1496 1633 Empedoclis
1549 1575 1751 1616 versus
1804 1557 1995 1630 (Diels
2051 1557 2213 1616 Vors.
2258 1558 2323 1615 Ι3
2378 1574 2435 1632 p.
2468 1559 2589 1615 278

337 1659 544 1736 fragm.
581 1661 750 1735 146):
800 1681 806 1686 ·

287 1771 298 1779 ’
512 1775 601 1852 εἷς
647 1777 956 1851 δὶς-τέλος
1001 1774 1272 1859 μάντεις
1318 1799 1390 1840 τε
1435 1777 1548 1838 καὶ
1593 1765 1976 1859 ὑμνοπόλοι
2024 1776 2137 1839 καὶ
2182 1774 2397 1860 ἰητροί

512 1880 623 1944 καὶ
668 1875 916 1964 πρόμοι
967 1875 1434 1962 ἀνθρώποισιν
1481 1877 1931 1962 ἐπιχθονίοισι
1978 1879 2319 1958 πέλονται,

511 1979 713 2046 ἔνθεν
756 1982 1248 2062 α’ναβλαστοῦσι
1295 1981 1448 2045 θεοὶ
1494 1984 1738 2068 τιμῆισι
1788 1982 2106 2064 φέριστοι.

337 2105 425 2166 Of.
457 2108 630 2181 Verg.
660 2095 810 2165 Aen.
836 2106 916 2164 VI
942 2107 1082 2178 662,
1117 2105 1369 2164 -Norden
1414 2106 1576 2179 Very.
1607 2103 1759 2162 Aen.
1789 2104 1881 2163 VI
1893 2107 1915 2146 2
1946 2099 2013 2181 p.
2041 2105 2181 2178 300,
2226 2104 2300 2163 id.
2336 2105 2588 2167 Hermes

337 2208 591 2266 XXVIII
644 2209 800 2266 1893
855 2227 912 2283 p.
945 2209 1084 2266 394.
1172 2209 1231 2267 A
1276 2208 1696 2283 posterioribus
1738 2208 1862 2289 ,hoc
1907 2211 2206 2282 receptum
2252 2212 2311 2266 et
2356 2211 2586 2266 auctum

335 2317 425 2370 est
470 2312 542 2371 cf.
583 2312 700 2372 Cic.
742 2329 922 2370 somn.
963 2311 1116 2386 Scip.
1146 2311 1254 2368 13:
1311 2312 1601 2380 omnibtw,
1654 2313 1756 2382 qai
1786 2313 2057 2382 patriam
2102 2313 2585 2381 conservaverint,

337 2416 694 2483 adiuverint,
751 2417 1045 2483 auxerint,
1103 2417 1319 2471 certam
1375 2431 1496 2472 esse
1548 2415 1609 2470 in
1662 2414 1823 2470 eaelo
1872 2413 2173 2484 definitam
2222 2411 2433 2482 Zoemn,
2485 2415 2591 2472 abi

336 2509 494 2576 beati
547 2534 686 2576 aevo
741 2518 1086 2590 sempiterno
1139 2517 1440 2590 fruantur.
1530 2515 1694 2587 Quae
1748 2533 1879 2575 cum
1931 2517 2014 2573 ita
2056 2517 2172 2575 sint
2215 2517 2420 2574 mirum
2467 2533 2585 2575 non

334 2624 425 2679 est
480 2621 637 2695 quod
681 2622 866 2695 vulgo
913 2612 1260 2679 credebatur
1304 2622 1697 2678 Romanorum
1742 2620 2121 2694 imperatores
2166 2625 2298 2694 post
2343 2624 2584 2679 mortem

333 2723 412 2785 ad
450 2727 607 2781 astra
646 2722 975 2782 subvolare.
1045 2721 1208 2792 Quae
1249 2723 1444 2797 opinio
1486 2723 1747 2797 vulgaris
1787 2722 1994 2796 incipit
2033 2721 2106 2779 ab
2146 2722 2294 2779 Iulio
2335 2721 2583 2781 Caesare

330 2824 404 2885 cf.
436 2825 610 2901 Verg.
643 2825 854 2899 Georg.
885 2826 911 2883 1
945 2826 1050 2882 32:
1073 2828 1118 2898 1)

681 2963 836 3004 anne
877 2964 1092 3004 novam
1143 2946 1328 3004 tardis
1372 2946 1537 3004 siclus
1587 2948 1640 3002 te
1678 2946 1977 3027 mensibus
1997 2975 2001 2980 ·
2025 2945 2234 3003 addas.

327 3127 477 3182 illam
520 3128 933 3196 inscriptionem
976 3143 1136 3197 quam
1181 3128 1233 3181 in
1269 3128 1486 3181 Maximi
1521 3127 1697 3182 Gorki
1731 3126 1921 3181 fabula
1956 3142 2093 3195 quae
2128 3126 2251 3194 „die
2285 3126 2464 3181 Drei“
2502 3128 2578 3182 in·

327 3212 585 3270 scribitur
629 3213 800 3282 (Lips.
841 3215 1020 3286 1902),
1069 3212 1205 3283 legit
1252 3211 1354 3283 IIJa
1399 3214 1452 3266 in
1500 3212 1622 3267 loco
1673 3212 1896 3280 publico
1943 3210 2227 3267 funeribus
2275 3212 2579 3267 destinato:

340 3298 440 3353 Um
489 3298 609 3353 eine
653 3298 849 3352 Blame
894 3300 970 3352 ist
1014 3298 1102 3352 die
1146 3298 1297 3351 Erde
1342 3302 1523 3351 armet·
1564 3292 1868 3368 yeworden,
1918 3340 1929 3351 .
1968 3339 1979 3351 .
2020 3340 2031 3352 .
2076 3315 2171 3351 um
2212 3299 2375 3353 einen
2416 3298 2581 3365 Stern

328 3383 538 3438 reio-her
582 3384 677 3438 der
719 3384 963 3437 Himmel
1007 3383 1086 3453 (II
1120 3401 1173 3452 p.
1202 3388 1324 3452 262,
1371 3384 1552 3438 locum
1598 3384 1779 3439 debeo
1825 3384 2111 3453 Leopoldo
2158 3384 2228 3437 de
2274 3384 2581 3439 Schroeder

329 3469 560 3524 Arische
595 3468 855 3538 Reliyion
898 3471 923 3524 I
970 3487 1022 3538 p.
1045 3476 1107 3523 75
1155 3470 1338 3525 adnot.
1364 3470 1442 3539 1);
1491 3470 1619 3523 vide
1664 3470 1939 3539 singulare
1985 3470 2292 3538 exemplum
2335 3486 2401 3525 ex
2444 3472 2581 3525 actis

329 3555 538 3609 diurnis
582 3546 932 3610 Gissensibus
969 3560 1033 3608 30
1081 3553 1210 3624 [VII
1252 3559 1380 3609 1803
1421 3571 1508 3609 no.
1533 3560 1628 3609 176
1671 3554 1766 3622 fol.
1792 3555 1841 3624 1]
1880 3554 1950 3609 de
1986 3556 2167 3623 Papae
2204 3555 2405 3609 Leonis
2440 3555 2577 3609 XIII

327 3640 506 3695 anima
549 3641 604 3693 in
650 3640 862 3695 stellam
911 3655 1200 3709 conversa,
1250 3640 1400 3708 quod
1447 3640 1669 3695 Gundel
1712 3640 1745 3694 l.
1771 3639 1805 3693 l.
1847 3657 1900 3709 p.
1930 3645 2024 3693 226
2068 3640 2298 3695 adnot.1
2340 3639 2575 3709 profert:

327 3726 579 3780 Fromme
637 3726 806 3779 Lente
863 3725 1081 3779 knieten
1139 3725 1260 3779 dort
1321 3726 1407 3791 (in
1467 3725 1570 3779 den
1627 3725 1884 3792 Strassen
1936 3741 2048 3779 von
2104 3724 2401 3793 Lisaabon)
2461 3724 2579 3778 and

329 3800 534 3865 betete-n
577 3810 692 3865 und
735 3814 976 3865 starrten
1019 3810 1378 3865 unverwandt
1418 3828 1542 3864 zum
1580 3810 1822 3865 Himmel
1856 3810 2073 3881 hinauf.
2154 3810 2278 3865 Und
2310 3810 2574 3878 wir-Ictim,

328 3896 454 3951 clort
495 3913 586 3950 am
619 3895 925 3951 westliehen
960 3897 1238 3951 Horizont
1273 3899 1336 3949 in
1371 3896 1466 3951 der
1501 3896 1657 3950 Nam
1691 3896 1786 3950 der
1819 3896 2001 3950 Sonne
2035 3897 2235 3951 konnte
2267 3912 2399 3949 man
2436 3898 2578 3951 trotz

329 3981 421 4037 des
462 3980 824 4052 Tageslichtes
865 3982 1024 4036 einen
1066 3981 1390 4036 blinkenden
1423 3982 1588 4036 Stern
1622 3982 2017 4037 wahrnehmen.
2088 3982 2236 4036 Eine
2272 3982 2378 4036 alte
2413 3982 2577 4036 Fran

328 4068 656 4137 behauptete‚
695 4068 822 4135 dass
857 4084 910 4122 es
945 4067 1034 4122 die
1060 4068 1206 4123 Seele
1242 4068 1331 4122 des
1367 4071 1515 4123 toten
1543 4068 1775 4138 Papstes
1804 4068 1899 4136 sei,
1936 4067 2051 4123 und
2081 4067 2179 4122 das
2202 4068 2334 4124 Volk
2360 4067 2576 4137 ylaubte

327 4153 421 4208 ihr
454 4152 570 4207 und
603 4153 741 4207 aank
775 4154 886 4222 auf
912 4152 999 4207 die
1032 4152 1226 4207 Kniee.

501 4248 544 4318 1)
581 4247 662 4302 Cf.
699 4251 858 4303 antea
890 4248 1053 4317 Prop.
1086 4247 1165 4303 IV
1190 4253 1237 4317 6,
1258 4252 1348 4302 59:

805 4343 864 4395 at
890 4343 1056 4413 pater
1091 4340 1277 4397 Idalio
1313 4341 1554 4397 miratur
1589 4342 1791 4397 Caesar
1827 4340 1893 4395 ab
1929 4344 2092 4396 astro.
