3251 5125
687 353 726 407 8

689 521 914 581 Diebus
967 540 1021 581 v.
1060 523 1176 596 122
1198 539 1272 581 ss.
1327 539 1540 580 aureae
1595 521 1802 580 aetatis
1846 521 2110 580 homines
2154 524 2289 596 post
2334 524 2573 579 mortem
2620 519 2943 580 secundum

689 624 844 683 Iovis
897 625 1204 684 consilium
1258 623 1572 683 daemones
1618 623 1806 683 factos
1851 624 1910 712 in
1954 628 2111 682 terra
2156 641 2283 682 esse
2327 622 2623 682 hominum
2669 621 2946 682 custodes

690 726 920 800 (Rohde
962 727 1062 786 Ps.
1102 727 1165 784 12
1209 745 1265 802 p.
1302 726 1379 784 95
1407 728 1534 801 ss.):

894 877 1001 941 τοὶ
1043 876 1164 960 μὲν
1211 876 1518 960 δαίμονές
1565 875 1689 941 εἰσι
1735 873 1886 952 Διὸς
1930 875 2225 960 μεγάλου
2272 874 2380 941 διὰ
2422 873 2671 957 βουλὰς

895 978 1155 1057 ἐσθλοί,
1202 974 1602 1060 ἐπιχθόνιοι,
1652 975 1951 1059 φύλακες
1996 981 2277 1063 θνητῶν
2322 971 2739 1061 ἀνθρώπων,

895 1080 1006 1163 [οἱ1
1044 1077 1124 1166 ῥα
1171 1079 1635 1162 φυλάσσουσίν
1680 1104 1751 1145 τε
1800 1080 1985 1156 δίκας
2031 1081 2142 1144 καὶ
2190 1082 2454 1164 σχέτλια
2500 1079 2660 1164 ἔργα

895 1175 1055 1271 ἠέρα
1099 1179 1445 1267 ἑσσάμενοι
1490 1181 1714 1268 πάντη
1761 1185 2133 1264 φοιτῶντες
2179 1182 2284 1248 ἐπ’
2326 1179 2534 1267 αἶαν]

657 1315 916 1416 ¹tempus
970 1340 1146 1414 igitur
1199 1341 1284 1397 nil
1339 1339 1531 1398 obstat
1568 1356 1654 1399 *ne
1699 1341 1815 1399 iam
1862 1339 2166 1400 docuerint
2212 1342 2403 1399 simile
2450 1341 2677 1417 aliquid
2720 1339 2943 1414 Pytha-

690 1444 869 1518 gorei.
957 1444 1097 1500 Tria
1147 1443 1492 1501 daemonum
1537 1460 1757 1518 genera
1802 1443 2101 1518 distinguit
2146 1444 2501 1504 chalcidius.
2588 1445 2765 1524 Primi
2808 1447 2946 1502 sunt

691 1546 733 1602 ii
793 1546 891 1620 qui
948 1548 1257 1620 postquam
1316 1546 1432 1602 iam
1491 1545 1721 1620 iamque
1782 1545 1964 1604 functi
2021 1550 2155 1604 sunt
2208 1564 2444 1605 munere
2498 1549 2533 1605 i.
2565 1565 2614 1605 e.
2670 1545 2946 1606 custodes

691 1647 923 1708 fuerunt
981 1665 1173 1706 rerum
1231 1652 1618 1720 terrenarum,
1678 1647 2061 1708 traducuntur
2120 1650 2180 1706 in
2240 1653 2451 1722 terraS‚
2510 1651 2683 1708 alteri
2740 1651 2782 1707 ii
2841 1650 2947 1724 qui

691 1753 824 1825 post
888 1749 996 1808 hos
1061 1749 1243 1809 functi
1307 1754 1441 1808 sunt
1499 1768 1761 1824 munere,
1826 1752 2177 1826 perveniunt
2236 1753 2297 1809 in
2359 1753 2625 1810 lunarem
2684 1752 2947 1828 globum,

690 1852 850 1911 tertii
902 1857 1094 1911 autem
1150 1852 1402 1926 denique
1456 1854 1497 1910 ii
1553 1854 1653 1927 qui
1708 1854 1767 1910 in
1814 1855 1964 1912 alios
2011 1854 2219 1928 globos
2267 1854 2633 1929 dissipantur.
2720 1853 2946 1912 Eadem

693 1970 912 2028 genera
956 1958 1014 2012 et
1058 1954 1230 2011 Plato
1276 1955 1558 2028 agnoscit.
1650 1955 1823 2014 Cuius
1868 1955 1930 2012 in
1975 1956 2217 2014 Timaeo
2266 1957 2417 2014 enim
2463 1956 2700 2032 (411).)
2746 1954 2947 2031 opifex

690 2073 883 2114 rerum
939 2055 1342 2114 defunctorum
1397 2057 1716 2115 animarum
1770 2062 1903 2133 post
1957 2059 2149 2116 varias
2204 2059 2577 2133 migrationes
2633 2059 2781 2116 alias
2828 2056 2946 2116 dis-

693 2158 886 2232 pergit
928 2159 990 2215 in
1033 2162 1264 2230 terram,
1315 2160 1461 2217 alias
1507 2159 1566 2216 in
1611 2161 1829 2232 lunam,
1876 2159 2023 2217 alias
2072 2155 2163 2232 εἰς
2208 2162 2269 2220 τ’
2312 2142 2476 2220 ἄλλα
2525 2149 2646 2220 ὅσα
2692 2149 2949 2240 ὄργανα

689 2253 960 2340 χρόνου.
1051 2260 1365 2320 Manifesta
1417 2264 1505 2320 est
1557 2264 1819 2321 locorum
1874 2262 2207 2322 similitudo.
2296 2262 2487 2321 Hodie
2533 2264 2673 2324 satis
2718 2266 2950 2322 constat

693 2362 920 2421 Timaei
979 2363 1200 2438 dialogi
1259 2363 1491 2436 mythos
1550 2366 1869 2440 praecipue
1931 2383 2029 2424 eos
2089 2367 2148 2423 in
2211 2367 2419 2441 quibus
2480 2385 2667 2426 sermo
2728 2372 2817 2425 est
2872 2365 2947 2424 de

694 2465 909 2525 mundo
941 2465 1303 2524 aedificando
1335 2469 1645 2542 animaque
1677 2468 1951 2542 creanda,
1980 2471 2113 2543 plus
2145 2470 2407 2528 minusve
2438 2469 2947 2543 Pythagoreorum

695 2570 1052 2644 astrologiae
1106 2587 1372 2646 premere
1417 2572 1667 2645 vestigia
1712 2570 1806 2643 (cf.
1851 2572 1977 2629 Joa.
2019 2573 2109 2629 ab.
2147 2572 2357 2631 Arnim
2405 2573 2637 2632 Plato's
2680 2573 2947 2648 Juqend-

696 2670 932 2743 dialoye
977 2671 1141 2728 1914
1185 2690 1239 2746 p.
1271 2672 1384 2728 162
1406 2674 1492 2746 s.).
1566 2672 1871 2731 Platonem
1918 2677 1975 2731 et
2018 2674 2079 2729 in
2124 2672 2237 2732 hoc
2276 2675 2505 2733 Timaei
2544 2676 2677 2733 loco
2718 2675 2818 2751 (41
2848 2674 2947 2748 D.)

693 2772 1198 2847 Pythagoreorum
1239 2775 1560 2833 sententias
1601 2792 1728 2833 esse
1768 2780 2028 2834 secutum
2060 2777 2253 2835 elucet
2284 2795 2315 2835 e
2346 2777 2783 2851 comparatione
2816 2794 2947 2835 cum

695 2873 1019 2937 chalcidio.
1107 2876 1176 2933 In
1230 2894 1346 2934 uno
1403 2876 1638 2950 quidem
1691 2877 1845 2935 inter
1898 2896 1961 2936 se
2018 2878 2353 2954 discrepant
2400 2879 2554 2953 quod
2599 2880 2659 2937 in
2703 2880 2947 2937 Timaeo

694 2977 891 3052 opifex
955 2995 1149 3037 rerum
1216 2979 1422 3037 animis
1480 2979 1717 3038 lunares
1779 2979 2041 3038 attribuit
2100 2980 2295 3055 sedes,
2362 2981 2519 3057 apud
2578 2981 2947 3042 Chalcidium

693 3083 887 3139 autem
953 3081 1182 3139 animae
1247 3082 1412 3157 ipsae
1480 3083 1835 3157 perveniunt
1891 3084 1950 3140 in
2011 3085 2280 3143 lunarem
2340 3085 2593 3159 globum.
2694 3086 2776 3143 At
2834 3084 2945 3142 hoc

693 3180 845 3240 nihil
898 3182 973 3241 ad
1020 3200 1170 3255 rem,
1224 3183 1286 3241 id
1331 3201 1509 3241 unum
1553 3188 1694 3259 puto
1740 3202 1848 3243 nos
1892 3185 2112 3244 habere
2157 3190 2377 3245 certum
2422 3188 2729 3245 Platonem
2775 3202 2946 3261 quos-

694 3283 828 3343 dam
889 3286 1234 3361 cognovisse
1287 3286 1693 3362 Pythagoreos
1753 3288 1852 3361 qui
1906 3287 2212 3347 docuerint
2265 3288 2669 3348 defunctorum
2725 3289 2947 3347 animas

691 3391 757 3445 ut
816 3386 1134 3457 daemones
1187 3390 1248 3446 in
1300 3390 1446 3447 luna
1500 3390 1739 3449 versari.
1755 3391 1801 3465 1)
1890 3388 1990 3449 Ad
2046 3389 2293 3449 eundem
2346 3390 2519 3449 finem
2573 3391 2948 3467 perducimur

694 3490 939 3549 alteram
993 3490 1497 3566 Pythagoreorum
1557 3491 1630 3550 de
1684 3494 1830 3549 luna
1882 3494 2229 3551 sententiam
2283 3493 2451 3552 nobis
2505 3494 2779 3552 traditam
2831 3494 2946 3552 iam

696 3592 1151 3653 considerantes.
1237 3594 1329 3651 Ex
1373 3594 1758 3653 Ps.-Phfl01ai
1802 3592 1954 3675 περὶ
2000 3593 2218 3675 ψυχῆς
2262 3595 2473 3655 libello
2519 3597 2822 3672 leguntur:

866 3844 911 3911 ¹)
949 3843 1030 3899 Cf.
1062 3842 1410 3899 Plutarchum
1448 3845 1541 3914 qui
1578 3846 1632 3899 in
1668 3845 1943 3900 Timar-chi
1978 3845 2167 3915 mytho
2205 3847 2677 3917 Pythagoreorum
2712 3846 2953 3915 vestigia

695 3930 895 3997 premit
927 3933 1004 3999 (v.
1029 3930 1170 3984 infra
1206 3947 1258 3999 p.
1280 3935 1343 3985 28
1360 3932 1454 4000 ss)
1495 3932 1565 3987 de
1602 3948 1726 4001 gen.
1763 3932 1913 3987 Socr.
1948 3950 1993 3987 c.
2016 3937 2079 3987 22
2116 3950 2171 4001 p.
2192 3936 2361 3987 591c:
2400 3928 2459 3986 αἱ
2493 3931 2596 3999 μὲν
2633 3928 2744 4004 γὰρ
2782 3927 2949 3987 ἄλλαι

697 4020 860 4082 νῆσοι
899 4010 1076 4079 θεοὺς
1114 4008 1337 4085 ἔχουσι·
1375 4011 1584 4085 σελήνη
1622 4013 1684 4073 δὲ
1723 4012 2014 4085 δαιμόνων
2052 4012 2401 4087 ἐπιχθονίων
2438 4010 2599 4073 οὗσα.
