<?xml version="1.0" encoding="UTF-8"?>
<!DOCTYPE html PUBLIC "-//W3C//DTD XHTML 1.0 Transitional//EN"
    "http://www.w3.org/TR/xhtml1/DTD/xhtml1-transitional.dtd">
<html xmlns="http://www.w3.org/1999/xhtml" xml:lang="en" lang="en">
 <head>
  <title>
</title>
<meta http-equiv="Content-Type" content="text/html;charset=utf-8" />
  <meta name='ocr-system' content='tesseract 3.04.00' />
  <meta name='ocr-capabilities' content='ocr_page ocr_carea ocr_par ocr_line ocrx_word'/>
</head>
<body>
  <div class='ocr_page' id='page_1' title='image "./delvnastellisla00capegoog_0034.png"; bbox 0 0 3251 5125; ppageno 0'>
   <div class='ocr_carea' id='block_1_1' title="bbox 705 349 784 406">
    <p class='ocr_par' dir='ltr' id='par_1_1' title="bbox 705 349 784 406">
     <span class='ocr_line' id='line_1_1' title="bbox 705 349 784 406; baseline 0 0"><span class='ocrx_word' id='word_1_1' title='bbox 705 349 784 406; x_wconf 82' lang='lat'><strong>24</strong></span> 
     </span>
    </p>
   </div>
   <div class='ocr_carea' id='block_1_2' title="bbox 703 517 2981 699">
    <p class='ocr_par' dir='ltr' id='par_1_2' title="bbox 703 517 2981 699">
     <span class='ocr_line' id='line_1_2' title="bbox 705 517 2981 596; baseline -0.004 -14"><span class='ocrx_word' id='word_1_2' title='bbox 705 521 914 596; x_wconf 84' lang='lat' dir='ltr'><strong>Georg.</strong></span> <span class='ocrx_word' id='word_1_3' title='bbox 943 522 1024 580; x_wconf 91' lang='lat' dir='ltr'><strong>1V</strong></span> <span class='ocrx_word' id='word_1_4' title='bbox 1050 521 1171 580; x_wconf 80' lang='lat'><strong>225</strong></span> <span class='ocrx_word' id='word_1_5' title='bbox 1213 521 1286 580; x_wconf 79' lang='lat' dir='ltr'><strong>cf.</strong></span> <span class='ocrx_word' id='word_1_6' title='bbox 1327 519 1560 580; x_wconf 86' lang='lat' dir='ltr'><strong>Gundel</strong></span> <span class='ocrx_word' id='word_1_7' title='bbox 1599 521 1703 578; x_wconf 90' lang='lat'><strong>1.1.</strong></span> <span class='ocrx_word' id='word_1_8' title='bbox 1741 538 1797 595; x_wconf 89' lang='lat' dir='ltr'><strong>p.</strong></span> <span class='ocrx_word' id='word_1_9' title='bbox 1823 521 1964 592; x_wconf 82' lang='lat'><strong>229,</strong></span> <span class='ocrx_word' id='word_1_10' title='bbox 1998 519 2118 577; x_wconf 82' lang='grc'><strong>239</strong></span> <span class='ocrx_word' id='word_1_11' title='bbox 2141 518 2247 594; x_wconf 89' lang='lat' dir='ltr'><strong>s.¹)</strong></span> <span class='ocrx_word' id='word_1_12' title='bbox 2321 517 2676 577; x_wconf 84' lang='lat' dir='ltr'><strong>Octavianus</strong></span> <span class='ocrx_word' id='word_1_13' title='bbox 2719 533 2981 592; x_wconf 86' lang='lat' dir='ltr'><strong>quoque</strong></span> 
     </span>
     <span class='ocr_line' id='line_1_3' title="bbox 703 621 2981 699; baseline -0.003 -17"><span class='ocrx_word' id='word_1_14' title='bbox 703 627 836 699; x_wconf 89' lang='lat' dir='ltr'><strong>post</strong></span> <span class='ocrx_word' id='word_1_15' title='bbox 871 627 1113 683; x_wconf 88' lang='lat' dir='ltr'><strong>mortem</strong></span> <span class='ocrx_word' id='word_1_16' title='bbox 1155 624 1463 698; x_wconf 83' lang='lat' dir='ltr'><strong>occupavit</strong></span> <span class='ocrx_word' id='word_1_17' title='bbox 1500 623 1738 681; x_wconf 84' lang='lat' dir='ltr'><strong>stollam</strong></span> <span class='ocrx_word' id='word_1_18' title='bbox 1780 621 1856 681; x_wconf 82' lang='lat' dir='ltr'><strong>cf.</strong></span> <span class='ocrx_word' id='word_1_19' title='bbox 1886 621 2057 683; x_wconf 86' lang='lat' dir='ltr'><strong>Ovid.</strong></span> <span class='ocrx_word' id='word_1_20' title='bbox 2090 638 2180 697; x_wconf 89' lang='lat' dir='ltr'><strong>ep.</strong></span> <span class='ocrx_word' id='word_1_21' title='bbox 2212 639 2286 679; x_wconf 81' lang='lat' dir='ltr'><strong>ex</strong></span> <span class='ocrx_word' id='word_1_22' title='bbox 2315 622 2503 680; x_wconf 87' lang='lat' dir='ltr'><strong>Ponto</strong></span> <span class='ocrx_word' id='word_1_23' title='bbox 2534 621 2615 679; x_wconf 92' lang='lat' dir='ltr'><strong>IV</strong></span> <span class='ocrx_word' id='word_1_24' title='bbox 2634 622 2688 694; x_wconf 85' lang='lat'><strong>9,</strong></span> <span class='ocrx_word' id='word_1_25' title='bbox 2715 621 2835 677; x_wconf 82' lang='grc'><strong>129</strong></span> <span class='ocrx_word' id='word_1_26' title='bbox 2860 636 2981 678; x_wconf 85' lang='lat' dir='ltr'><strong>ss.:</strong></span> 
     </span>
    </p>
   </div>
   <div class='ocr_carea' id='block_1_3' title="bbox 1116 767 2535 942">
    <p class='ocr_par' dir='ltr' id='par_1_3' title="bbox 1116 767 2535 942">
     <span class='ocr_line' id='line_1_4' title="bbox 1119 767 2457 826; baseline -0.001 -1"><span class='ocrx_word' id='word_1_27' title='bbox 1119 773 1180 825; x_wconf 73' lang='grc' dir='ltr'><strong>ΐιι</strong></span> <span class='ocrx_word' id='word_1_28' title='bbox 1222 772 1461 826; x_wconf 74' lang='lat' dir='ltr'><strong>nostras</strong></span> <span class='ocrx_word' id='word_1_29' title='bbox 1510 769 1684 826; x_wconf 77' lang='lat' dir='ltr'><strong>audis</strong></span> <span class='ocrx_word' id='word_1_30' title='bbox 1728 770 1883 825; x_wconf 73' lang='lat' dir='ltr'><strong>inter</strong></span> <span class='ocrx_word' id='word_1_31' title='bbox 1927 785 2181 824; x_wconf 70' lang='lat' dir='ltr'><strong>com-exa</strong></span> <span class='ocrx_word' id='word_1_32' title='bbox 2230 767 2457 824; x_wconf 75' lang='lat' dir='ltr'><strong>locatus</strong></span> 
     </span>
     <span class='ocr_line' id='line_1_5' title="bbox 1116 871 2535 942; baseline -0.002 -14"><span class='ocrx_word' id='word_1_33' title='bbox 1116 871 1330 939; x_wconf 76' lang='lat' dir='ltr'><strong>sidera,</strong></span> <span class='ocrx_word' id='word_1_34' title='bbox 1376 871 1667 928; x_wconf 75' lang='lat' dir='ltr'><strong>sollicitas</strong></span> <span class='ocrx_word' id='word_1_35' title='bbox 1714 888 1862 942; x_wconf 78' lang='lat' dir='ltr'><strong>quas</strong></span> <span class='ocrx_word' id='word_1_36' title='bbox 1911 871 2121 928; x_wconf 77' lang='lat' dir='ltr'><strong>damus</strong></span> <span class='ocrx_word' id='word_1_37' title='bbox 2169 887 2281 937; x_wconf 80' lang='lat' dir='ltr'><strong>ore,</strong></span> <span class='ocrx_word' id='word_1_38' title='bbox 2314 885 2535 941; x_wconf 75' lang='lat' dir='ltr'><strong>preces.</strong></span> 
     </span>
    </p>
   </div>
   <div class='ocr_carea' id='block_1_4' title="bbox 709 1014 2982 1194">
    <p class='ocr_par' dir='ltr' id='par_1_4' title="bbox 709 1014 2982 1194">
     <span class='ocr_line' id='line_1_6' title="bbox 709 1014 2982 1091; baseline -0.002 -16"><span class='ocrx_word' id='word_1_39' title='bbox 709 1015 943 1076; x_wconf 82' lang='lat' dir='ltr'><strong>Gundel</strong></span> <span class='ocrx_word' id='word_1_40' title='bbox 1007 1034 1064 1091; x_wconf 89' lang='lat' dir='ltr'><strong>p.</strong></span> <span class='ocrx_word' id='word_1_41' title='bbox 1103 1015 1303 1091; x_wconf 63' lang='lat'>2242)</span> <span class='ocrx_word' id='word_1_42' title='bbox 1412 1014 1594 1075; x_wconf 89' lang='lat' dir='ltr'><strong>Iidem</strong></span> <span class='ocrx_word' id='word_1_43' title='bbox 1662 1031 1863 1075; x_wconf 89' lang='lat' dir='ltr'><strong>omnes</strong></span> <span class='ocrx_word' id='word_1_44' title='bbox 1929 1014 2053 1074; x_wconf 86' lang='lat' dir='ltr'><strong>fere</strong></span> <span class='ocrx_word' id='word_1_45' title='bbox 2119 1015 2509 1073; x_wconf 87' lang='lat' dir='ltr'><strong>Romanorum</strong></span> <span class='ocrx_word' id='word_1_46' title='bbox 2575 1015 2982 1090; x_wconf 85' lang='lat' dir='ltr'><strong>imperatores</strong></span> 
     </span>
     <span class='ocr_line' id='line_1_7' title="bbox 709 1117 2485 1194; baseline -0.001 -16"><span class='ocrx_word' id='word_1_47' title='bbox 709 1118 972 1178; x_wconf 80' lang='lat' dir='ltr'><strong>obtinent</strong></span> <span class='ocrx_word' id='word_1_48' title='bbox 1012 1121 1144 1194; x_wconf 90' lang='lat' dir='ltr'><strong>post</strong></span> <span class='ocrx_word' id='word_1_49' title='bbox 1189 1121 1430 1177; x_wconf 88' lang='lat' dir='ltr'><strong>mortem</strong></span> <span class='ocrx_word' id='word_1_50' title='bbox 1477 1118 1672 1177; x_wconf 89' lang='lat' dir='ltr'><strong>sidera</strong></span> <span class='ocrx_word' id='word_1_51' title='bbox 1689 1117 1735 1194; x_wconf 81' lang='lat'><strong>3)</strong></span> <span class='ocrx_word' id='word_1_52' title='bbox 1782 1117 1857 1177; x_wconf 82' lang='lat' dir='ltr'><strong>cf.</strong></span> <span class='ocrx_word' id='word_1_53' title='bbox 1898 1117 2132 1179; x_wconf 84' lang='lat' dir='ltr'><strong>Gundel</strong></span> <span class='ocrx_word' id='word_1_54' title='bbox 2174 1135 2231 1193; x_wconf 88' lang='lat' dir='ltr'><strong>p.</strong></span> <span class='ocrx_word' id='word_1_55' title='bbox 2264 1117 2389 1174; x_wconf 78' lang='lat'><strong>224</strong></span> <span class='ocrx_word' id='word_1_56' title='bbox 2412 1134 2485 1176; x_wconf 66' lang='lat' dir='ltr'><strong>sa</strong></span> 
     </span>
    </p>
   </div>
   <div class='ocr_carea' id='block_1_5' title="bbox 708 1229 2981 2128">
    <p class='ocr_par' dir='ltr' id='par_1_5' title="bbox 708 1229 2981 2128">
     <span class='ocr_line' id='line_1_8' title="bbox 878 1229 2979 1305; baseline -0.002 -15"><span class='ocrx_word' id='word_1_57' title='bbox 878 1229 1094 1290; x_wconf 90' lang='lat' dir='ltr'><strong>Omnes</strong></span> <span class='ocrx_word' id='word_1_58' title='bbox 1147 1229 1430 1292; x_wconf 89' lang='lat' dir='ltr'><strong>eiusmodi</strong></span> <span class='ocrx_word' id='word_1_59' title='bbox 1483 1229 1788 1305; x_wconf 79' lang='lat' dir='ltr'>opiniones</span> <span class='ocrx_word' id='word_1_60' title='bbox 1845 1246 1996 1304; x_wconf 83' lang='lat' dir='ltr'><strong>quae</strong></span> <span class='ocrx_word' id='word_1_61' title='bbox 2041 1245 2390 1304; x_wconf 83' lang='lat' dir='ltr'><strong>quamquam</strong></span> <span class='ocrx_word' id='word_1_62' title='bbox 2436 1245 2735 1304; x_wconf 85' lang='lat' dir='ltr'><strong>perpauca</strong></span> <span class='ocrx_word' id='word_1_63' title='bbox 2780 1229 2979 1286; x_wconf 81' lang='lat' dir='ltr'><strong>etiam</strong></span> 
     </span>
     <span class='ocr_line' id='line_1_9' title="bbox 708 1330 2978 1409; baseline -0.001 -18"><span class='ocrx_word' id='word_1_64' title='bbox 708 1333 1033 1409; x_wconf 78' lang='lat' dir='ltr'><strong>posteriora</strong></span> <span class='ocrx_word' id='word_1_65' title='bbox 1077 1336 1309 1391; x_wconf 86' lang='lat' dir='ltr'><strong>exstant</strong></span> <span class='ocrx_word' id='word_1_66' title='bbox 1351 1333 1684 1391; x_wconf 85' lang='lat' dir='ltr'><strong>testimonia</strong></span> <span class='ocrx_word' id='word_1_67' title='bbox 1726 1334 1923 1390; x_wconf 89' lang='lat' dir='ltr'><strong>tamen</strong></span> <span class='ocrx_word' id='word_1_68' title='bbox 1967 1331 2236 1390; x_wconf 89' lang='lat' dir='ltr'><strong>omnibus</strong></span> <span class='ocrx_word' id='word_1_69' title='bbox 2280 1331 2638 1406; x_wconf 78' lang='lat' dir='ltr'><strong>temporibus</strong></span> <span class='ocrx_word' id='word_1_70' title='bbox 2675 1331 2737 1388; x_wconf 91' lang='lat' dir='ltr'><strong>in</strong></span> <span class='ocrx_word' id='word_1_71' title='bbox 2776 1330 2978 1390; x_wconf 80' lang='lat' dir='ltr'><strong>Grae-</strong></span> 
     </span>
     <span class='ocr_line' id='line_1_10' title="bbox 710 1433 2981 1510; baseline -0.002 -16"><span class='ocrx_word' id='word_1_72' title='bbox 710 1452 905 1494; x_wconf 85' lang='lat' dir='ltr'><strong>corum</strong></span> <span class='ocrx_word' id='word_1_73' title='bbox 951 1436 1134 1508; x_wconf 86' lang='lat' dir='ltr'><strong>vulgo</strong></span> <span class='ocrx_word' id='word_1_74' title='bbox 1178 1436 1506 1510; x_wconf 85' lang='lat' dir='ltr'><strong>viguerunt,</strong></span> <span class='ocrx_word' id='word_1_75' title='bbox 1552 1452 1627 1493; x_wconf 80' lang='lat' dir='ltr'><strong>ex</strong></span> <span class='ocrx_word' id='word_1_76' title='bbox 1672 1452 1790 1492; x_wconf 88' lang='lat' dir='ltr'><strong>una</strong></span> <span class='ocrx_word' id='word_1_77' title='bbox 1834 1437 2043 1492; x_wconf 87' lang='lat' dir='ltr'><strong>enatae</strong></span> <span class='ocrx_word' id='word_1_78' title='bbox 2090 1438 2223 1492; x_wconf 89' lang='lat' dir='ltr'><strong>sunt</strong></span> <span class='ocrx_word' id='word_1_79' title='bbox 2267 1434 2621 1509; x_wconf 77' lang='lat' dir='ltr'>cogitatione</span> <span class='ocrx_word' id='word_1_80' title='bbox 2667 1433 2981 1492; x_wconf 87' lang='lat' dir='ltr'><strong>communi</strong></span> 
     </span>
     <span class='ocr_line' id='line_1_11' title="bbox 710 1535 2979 1612; baseline -0.001 -16"><span class='ocrx_word' id='word_1_81' title='bbox 710 1555 924 1596; x_wconf 83' lang='lat' dir='ltr'><strong>nexum</strong></span> <span class='ocrx_word' id='word_1_82' title='bbox 979 1536 1268 1612; x_wconf 79' lang='lat' dir='ltr'><strong>quendam</strong></span> <span class='ocrx_word' id='word_1_83' title='bbox 1312 1536 1675 1596; x_wconf 74' lang='lat' dir='ltr'><strong>intercedere</strong></span> <span class='ocrx_word' id='word_1_84' title='bbox 1718 1537 1870 1595; x_wconf 89' lang='lat' dir='ltr'><strong>inter</strong></span> <span class='ocrx_word' id='word_1_85' title='bbox 1914 1538 2119 1596; x_wconf 87' lang='lat' dir='ltr'><strong>stellas</strong></span> <span class='ocrx_word' id='word_1_86' title='bbox 2165 1541 2224 1596; x_wconf 91' lang='lat' dir='ltr'><strong>et</strong></span> <span class='ocrx_word' id='word_1_87' title='bbox 2268 1535 2672 1596; x_wconf 86' lang='lat' dir='ltr'><strong>defunctorum</strong></span> <span class='ocrx_word' id='word_1_88' title='bbox 2717 1536 2979 1594; x_wconf 81' lang='lat' dir='ltr'><strong>animas.</strong></span> 
     </span>
     <span class='ocr_line' id='line_1_12' title="bbox 709 1637 2979 1713; baseline -0.001 -14"><span class='ocrx_word' id='word_1_89' title='bbox 709 1639 854 1699; x_wconf 92' lang='lat' dir='ltr'><strong>Inde</strong></span> <span class='ocrx_word' id='word_1_90' title='bbox 909 1657 1049 1698; x_wconf 89' lang='lat' dir='ltr'><strong>vero</strong></span> <span class='ocrx_word' id='word_1_91' title='bbox 1104 1641 1279 1698; x_wconf 89' lang='lat' dir='ltr'><strong>etiam</strong></span> <span class='ocrx_word' id='word_1_92' title='bbox 1326 1640 1467 1698; x_wconf 85' lang='lat' dir='ltr'><strong>satis</strong></span> <span class='ocrx_word' id='word_1_93' title='bbox 1513 1641 1707 1698; x_wconf 87' lang='lat' dir='ltr'><strong>elucet</strong></span> <span class='ocrx_word' id='word_1_94' title='bbox 1750 1657 1922 1713; x_wconf 90' lang='lat' dir='ltr'><strong>quam</strong></span> <span class='ocrx_word' id='word_1_95' title='bbox 1968 1657 2085 1698; x_wconf 90' lang='lat' dir='ltr'><strong>non</strong></span> <span class='ocrx_word' id='word_1_96' title='bbox 2129 1644 2289 1698; x_wconf 90' lang='lat' dir='ltr'><strong>recte</strong></span> <span class='ocrx_word' id='word_1_97' title='bbox 2332 1638 2679 1698; x_wconf 83' lang='lat' dir='ltr'><strong>iudicaverit</strong></span> <span class='ocrx_word' id='word_1_98' title='bbox 2720 1637 2979 1697; x_wconf 86' lang='lat' dir='ltr'><strong>Pfeiffer</strong></span> 
     </span>
     <span class='ocr_line' id='line_1_13' title="bbox 711 1740 2976 1818; baseline -0.001 -15"><span class='ocrx_word' id='word_1_99' title='bbox 711 1743 809 1818; x_wconf 88' lang='lat' dir='ltr'><strong>qni</strong></span> <span class='ocrx_word' id='word_1_100' title='bbox 851 1746 913 1800; x_wconf 91' lang='lat' dir='ltr'><strong>nt</strong></span> <span class='ocrx_word' id='word_1_101' title='bbox 951 1759 1126 1818; x_wconf 88' lang='lat' dir='ltr'><strong>supra</strong></span> <span class='ocrx_word' id='word_1_102' title='bbox 1164 1741 1413 1800; x_wconf 89' lang='lat' dir='ltr'><strong>vidimus</strong></span> <span class='ocrx_word' id='word_1_103' title='bbox 1451 1743 1721 1802; x_wconf 87' lang='lat' dir='ltr'><strong>omittens</strong></span> <span class='ocrx_word' id='word_1_104' title='bbox 1760 1742 1908 1800; x_wconf 88' lang='lat' dir='ltr'><strong>haec</strong></span> <span class='ocrx_word' id='word_1_105' title='bbox 1950 1743 2143 1800; x_wconf 86' lang='lat' dir='ltr'><strong>omnia</strong></span> <span class='ocrx_word' id='word_1_106' title='bbox 2182 1740 2430 1800; x_wconf 84' lang='lat' dir='ltr'><strong>affirmat</strong></span> <span class='ocrx_word' id='word_1_107' title='bbox 2467 1742 2620 1800; x_wconf 85' lang='lat' dir='ltr'><strong>tales</strong></span> <span class='ocrx_word' id='word_1_108' title='bbox 2650 1741 2976 1817; x_wconf 85' lang='lat' dir='ltr'><strong>opiniones</strong></span> 
     </span>
     <span class='ocr_line' id='line_1_14' title="bbox 711 1844 2976 1920; baseline -0.001 -15"><span class='ocrx_word' id='word_1_109' title='bbox 711 1844 968 1905; x_wconf 81' lang='lat' dir='ltr'><strong>Graecos</strong></span> <span class='ocrx_word' id='word_1_110' title='bbox 1020 1845 1265 1920; x_wconf 88' lang='lat' dir='ltr'><strong>primum</strong></span> <span class='ocrx_word' id='word_1_111' title='bbox 1322 1845 1571 1902; x_wconf 87' lang='lat' dir='ltr'><strong>minume</strong></span> <span class='ocrx_word' id='word_1_112' title='bbox 1628 1845 2002 1919; x_wconf 85' lang='lat' dir='ltr'><strong>cognovisse3</strong></span> <span class='ocrx_word' id='word_1_113' title='bbox 2065 1845 2205 1919; x_wconf 86' lang='lat' dir='ltr'><strong>quin</strong></span> <span class='ocrx_word' id='word_1_114' title='bbox 2261 1845 2431 1902; x_wconf 87' lang='lat' dir='ltr'><strong>etiam</strong></span> <span class='ocrx_word' id='word_1_115' title='bbox 2484 1845 2626 1902; x_wconf 90' lang='lat' dir='ltr'><strong>licet</strong></span> <span class='ocrx_word' id='word_1_116' title='bbox 2676 1861 2976 1920; x_wconf 86' lang='lat' dir='ltr'><strong>ponamus</strong></span> 
     </span>
     <span class='ocr_line' id='line_1_15' title="bbox 711 1946 2974 2025; baseline -0 -18"><span class='ocrx_word' id='word_1_117' title='bbox 711 1948 960 2025; x_wconf 90' lang='lat' dir='ltr'><strong>primum</strong></span> <span class='ocrx_word' id='word_1_118' title='bbox 1007 1949 1254 2006; x_wconf 83' lang='lat' dir='ltr'><strong>maxime</strong></span> <span class='ocrx_word' id='word_1_119' title='bbox 1302 1949 1597 2006; x_wconf 78' lang='lat' dir='ltr'><strong>excultam</strong></span> <span class='ocrx_word' id='word_1_120' title='bbox 1641 1947 1713 2007; x_wconf 88' lang='lat' dir='ltr'><strong>de</strong></span> <span class='ocrx_word' id='word_1_121' title='bbox 1753 1948 1943 2007; x_wconf 89' lang='lat' dir='ltr'><strong>stellis</strong></span> <span class='ocrx_word' id='word_1_122' title='bbox 1982 1949 2188 2006; x_wconf 89' lang='lat' dir='ltr'><strong>animis</strong></span> <span class='ocrx_word' id='word_1_123' title='bbox 2227 1949 2324 2006; x_wconf 83' lang='lat' dir='ltr'><strong>vel</strong></span> <span class='ocrx_word' id='word_1_124' title='bbox 2365 1949 2684 2006; x_wconf 87' lang='lat' dir='ltr'><strong>animarum</strong></span> <span class='ocrx_word' id='word_1_125' title='bbox 2724 1946 2974 2006; x_wconf 87' lang='lat' dir='ltr'><strong>sedibus</strong></span> 
     </span>
     <span class='ocr_line' id='line_1_16' title="bbox 713 2053 1747 2128; baseline -0.001 -17"><span class='ocrx_word' id='word_1_126' title='bbox 713 2053 1045 2128; x_wconf 89' lang='lat' dir='ltr'><strong>opinionem</strong></span> <span class='ocrx_word' id='word_1_127' title='bbox 1090 2053 1395 2127; x_wconf 88' lang='lat' dir='ltr'><strong>vulgarem</strong></span> <span class='ocrx_word' id='word_1_128' title='bbox 1438 2053 1747 2111; x_wconf 81' lang='lat' dir='ltr'><strong>exstitisse.</strong></span> 
     </span>
    </p>
   </div>
   <div class='ocr_carea' id='block_1_6' title="bbox 713 2143 2975 3472">
    <p class='ocr_par' dir='ltr' id='par_1_6' title="bbox 713 2143 2975 3472">
     <span class='ocr_line' id='line_1_17' title="bbox 884 2143 2970 2239; baseline 0 -19"><span class='ocrx_word' id='word_1_129' title='bbox 884 2161 1042 2234; x_wconf 83' lang='lat' dir='ltr'><strong>Quas</strong></span> <span class='ocrx_word' id='word_1_130' title='bbox 1097 2164 1374 2238; x_wconf 79' lang='lat' dir='ltr'><strong>vulgares</strong></span> <span class='ocrx_word' id='word_1_131' title='bbox 1428 2143 1740 2239; x_wconf 25' lang='lat' dir='ltr'><strong>opiniones*</strong></span> <span class='ocrx_word' id='word_1_132' title='bbox 1788 2163 2231 2222; x_wconf 76' lang='lat' dir='ltr'><strong>commiscentes</strong></span> <span class='ocrx_word' id='word_1_133' title='bbox 2276 2180 2377 2221; x_wconf 90' lang='lat' dir='ltr'><strong>eas</strong></span> <span class='ocrx_word' id='word_1_134' title='bbox 2424 2180 2553 2222; x_wconf 91' lang='lat' dir='ltr'><strong>cnm</strong></span> <span class='ocrx_word' id='word_1_135' title='bbox 2598 2164 2825 2220; x_wconf 86' lang='lat' dir='ltr'><strong>animae</strong></span> <span class='ocrx_word' id='word_1_136' title='bbox 2870 2179 2970 2220; x_wconf 82' lang='lat' dir='ltr'><strong>as-</strong></span> 
     </span>
     <span class='ocr_line' id='line_1_18' title="bbox 715 2259 2973 2340; baseline -0.002 -14"><span class='ocrx_word' id='word_1_137' title='bbox 715 2283 924 2326; x_wconf 88' lang='lat' dir='ltr'><strong>census</strong></span> <span class='ocrx_word' id='word_1_138' title='bbox 998 2265 1447 2340; x_wconf 82' lang='lat' dir='ltr'><strong>cogitationibus</strong></span> <span class='ocrx_word' id='word_1_139' title='bbox 1521 2259 1728 2340; x_wconf 67' lang='lat' dir='ltr'><strong>duales</strong></span> <span class='ocrx_word' id='word_1_140' title='bbox 1798 2267 2053 2340; x_wconf 87' lang='lat' dir='ltr'><strong>viguisse</strong></span> <span class='ocrx_word' id='word_1_141' title='bbox 2120 2269 2347 2324; x_wconf 89' lang='lat' dir='ltr'><strong>constat</strong></span> <span class='ocrx_word' id='word_1_142' title='bbox 2412 2270 2532 2324; x_wconf 90' lang='lat' dir='ltr'><strong>tum</strong></span> <span class='ocrx_word' id='word_1_143' title='bbox 2596 2266 2657 2323; x_wconf 92' lang='lat' dir='ltr'><strong>in</strong></span> <span class='ocrx_word' id='word_1_144' title='bbox 2722 2265 2973 2336; x_wconf 89' lang='lat' dir='ltr'><strong>oriente,</strong></span> 
     </span>
     <span class='ocr_line' id='line_1_19' title="bbox 713 2367 2973 2444; baseline -0.001 -17"><span class='ocrx_word' id='word_1_145' title='bbox 713 2369 898 2444; x_wconf 85' lang='lat' dir='ltr'><strong>magis</strong></span> <span class='ocrx_word' id='word_1_146' title='bbox 959 2369 1343 2428; x_wconf 85' lang='lat' dir='ltr'><strong>excoluerunt</strong></span> <span class='ocrx_word' id='word_1_147' title='bbox 1402 2372 1458 2428; x_wconf 91' lang='lat' dir='ltr'><strong>et</strong></span> <span class='ocrx_word' id='word_1_148' title='bbox 1511 2372 1798 2427; x_wconf 87' lang='lat' dir='ltr'><strong>auxerunt</strong></span> <span class='ocrx_word' id='word_1_149' title='bbox 1848 2367 2189 2444; x_wconf 88' lang='lat' dir='ltr'><strong>philosophi</strong></span> <span class='ocrx_word' id='word_1_150' title='bbox 2240 2369 2312 2427; x_wconf 86' lang='lat' dir='ltr'><strong>ad</strong></span> <span class='ocrx_word' id='word_1_151' title='bbox 2368 2386 2515 2442; x_wconf 86' lang='lat' dir='ltr'><strong>quos</strong></span> <span class='ocrx_word' id='word_1_152' title='bbox 2558 2369 2673 2426; x_wconf 86' lang='lat' dir='ltr'><strong>iam</strong></span> <span class='ocrx_word' id='word_1_153' title='bbox 2720 2385 2973 2426; x_wconf 87' lang='lat' dir='ltr'><strong>conver-</strong></span> 
     </span>
     <span class='ocr_line' id='line_1_20' title="bbox 714 2470 2972 2548; baseline -0.001 -18"><span class='ocrx_word' id='word_1_154' title='bbox 714 2477 918 2530; x_wconf 86' lang='lat' dir='ltr'><strong>tamus.</strong></span> <span class='ocrx_word' id='word_1_155' title='bbox 1005 2470 1119 2542; x_wconf 83' lang='lat' dir='ltr'><strong>Qui</strong></span> <span class='ocrx_word' id='word_1_156' title='bbox 1162 2472 1398 2530; x_wconf 90' lang='lat' dir='ltr'><strong>omnino</strong></span> <span class='ocrx_word' id='word_1_157' title='bbox 1444 2472 1518 2531; x_wconf 89' lang='lat' dir='ltr'><strong>ab</strong></span> <span class='ocrx_word' id='word_1_158' title='bbox 1565 2489 1635 2530; x_wconf 92' lang='lat' dir='ltr'><strong>eo</strong></span> <span class='ocrx_word' id='word_1_159' title='bbox 1681 2476 1816 2530; x_wconf 89' lang='lat' dir='ltr'><strong>sunt</strong></span> <span class='ocrx_word' id='word_1_160' title='bbox 1859 2471 2111 2548; x_wconf 88' lang='lat' dir='ltr'><strong>profecti</strong></span> <span class='ocrx_word' id='word_1_161' title='bbox 2154 2476 2218 2530; x_wconf 87' lang='lat' dir='ltr'><strong>ut</strong></span> <span class='ocrx_word' id='word_1_162' title='bbox 2260 2476 2548 2547; x_wconf 87' lang='lat' dir='ltr'><strong>ponerent</strong></span> <span class='ocrx_word' id='word_1_163' title='bbox 2591 2472 2843 2530; x_wconf 88' lang='lat' dir='ltr'><strong>animam</strong></span> <span class='ocrx_word' id='word_1_164' title='bbox 2891 2489 2972 2529; x_wconf 85' lang='lat' dir='ltr'><strong>ex</strong></span> 
     </span>
     <span class='ocr_line' id='line_1_21' title="bbox 715 2574 2972 2650; baseline 0 -17"><span class='ocrx_word' id='word_1_165' title='bbox 715 2574 922 2633; x_wconf 88' lang='lat' dir='ltr'><strong>eadem</strong></span> <span class='ocrx_word' id='word_1_166' title='bbox 967 2576 1208 2633; x_wconf 84' lang='lat' dir='ltr'><strong>materia</strong></span> <span class='ocrx_word' id='word_1_167' title='bbox 1253 2592 1380 2634; x_wconf 91' lang='lat' dir='ltr'><strong>esse</strong></span> <span class='ocrx_word' id='word_1_168' title='bbox 1427 2576 1804 2650; x_wconf 84' lang='lat' dir='ltr'><strong>compositam</strong></span> <span class='ocrx_word' id='word_1_169' title='bbox 1851 2593 1919 2633; x_wconf 87' lang='lat' dir='ltr'><strong>ac</strong></span> <span class='ocrx_word' id='word_1_170' title='bbox 1966 2577 2195 2634; x_wconf 86' lang='lat' dir='ltr'><strong>caelum</strong></span> <span class='ocrx_word' id='word_1_171' title='bbox 2236 2576 2474 2650; x_wconf 84' lang='lat' dir='ltr'><strong>eiusque</strong></span> <span class='ocrx_word' id='word_1_172' title='bbox 2515 2575 2724 2634; x_wconf 85' lang='lat' dir='ltr'><strong>sidera.</strong></span> <span class='ocrx_word' id='word_1_173' title='bbox 2799 2574 2972 2645; x_wconf 86' lang='lat' dir='ltr'><strong>Quae</strong></span> 
     </span>
     <span class='ocr_line' id='line_1_22' title="bbox 716 2675 2973 2753; baseline -0 -17"><span class='ocrx_word' id='word_1_174' title='bbox 716 2695 845 2736; x_wconf 90' lang='lat' dir='ltr'><strong>cum</strong></span> <span class='ocrx_word' id='word_1_175' title='bbox 899 2679 980 2735; x_wconf 89' lang='lat' dir='ltr'><strong>ita</strong></span> <span class='ocrx_word' id='word_1_176' title='bbox 1033 2678 1148 2735; x_wconf 90' lang='lat' dir='ltr'><strong>sint</strong></span> <span class='ocrx_word' id='word_1_177' title='bbox 1201 2678 1426 2735; x_wconf 87' lang='lat' dir='ltr'><strong>animae</strong></span> <span class='ocrx_word' id='word_1_178' title='bbox 1480 2676 1637 2735; x_wconf 90' lang='lat' dir='ltr'><strong>unde</strong></span> <span class='ocrx_word' id='word_1_179' title='bbox 1692 2682 1819 2736; x_wconf 90' lang='lat' dir='ltr'><strong>orta</strong></span> <span class='ocrx_word' id='word_1_180' title='bbox 1875 2679 1947 2735; x_wconf 89' lang='lat' dir='ltr'><strong>sit</strong></span> <span class='ocrx_word' id='word_1_181' title='bbox 2000 2696 2070 2735; x_wconf 90' lang='lat' dir='ltr'><strong>eo</strong></span> <span class='ocrx_word' id='word_1_182' title='bbox 2124 2682 2257 2753; x_wconf 86' lang='lat' dir='ltr'><strong>post</strong></span> <span class='ocrx_word' id='word_1_183' title='bbox 2300 2682 2541 2737; x_wconf 89' lang='lat' dir='ltr'><strong>mortem</strong></span> <span class='ocrx_word' id='word_1_184' title='bbox 2586 2675 2973 2735; x_wconf 87' lang='lat' dir='ltr'><strong>redeundum.</strong></span> 
     </span>
     <span class='ocr_line' id='line_1_23' title="bbox 715 2780 2971 2855; baseline -0 -17"><span class='ocrx_word' id='word_1_185' title='bbox 715 2781 898 2839; x_wconf 88' lang='lat' dir='ltr'><strong>Primi</strong></span> <span class='ocrx_word' id='word_1_186' title='bbox 940 2796 1166 2839; x_wconf 86' lang='lat' dir='ltr'><strong>rursum</strong></span> <span class='ocrx_word' id='word_1_187' title='bbox 1211 2780 1273 2838; x_wconf 93' lang='lat' dir='ltr'><strong>in</strong></span> <span class='ocrx_word' id='word_1_188' title='bbox 1317 2797 1488 2839; x_wconf 88' lang='lat' dir='ltr'><strong>cursu</strong></span> <span class='ocrx_word' id='word_1_189' title='bbox 1534 2780 1700 2855; x_wconf 85' lang='lat' dir='ltr'><strong>nobis</strong></span> <span class='ocrx_word' id='word_1_190' title='bbox 1746 2780 1902 2839; x_wconf 89' lang='lat' dir='ltr'><strong>obvii</strong></span> <span class='ocrx_word' id='word_1_191' title='bbox 1948 2784 2081 2839; x_wconf 87' lang='lat' dir='ltr'><strong>sunt</strong></span> <span class='ocrx_word' id='word_1_192' title='bbox 2124 2780 2496 2855; x_wconf 82' lang='lat' dir='ltr'><strong>Pythagorei.</strong></span> <span class='ocrx_word' id='word_1_193' title='bbox 2579 2781 2765 2838; x_wconf 88' lang='lat' dir='ltr'><strong>Varro</strong></span> <span class='ocrx_word' id='word_1_194' title='bbox 2812 2781 2971 2838; x_wconf 88' lang='lat' dir='ltr'><strong>enim</strong></span> 
     </span>
     <span class='ocr_line' id='line_1_24' title="bbox 716 2880 2975 2958; baseline -0 -17"><span class='ocrx_word' id='word_1_195' title='bbox 716 2884 879 2941; x_wconf 89' lang='lat' dir='ltr'><strong>testis</strong></span> <span class='ocrx_word' id='word_1_196' title='bbox 933 2884 1310 2958; x_wconf 82' lang='lat' dir='ltr'><strong>gravissimus</strong></span> <span class='ocrx_word' id='word_1_197' title='bbox 1367 2883 1625 2957; x_wconf 86' lang='lat' dir='ltr'><strong>explieat</strong></span> <span class='ocrx_word' id='word_1_198' title='bbox 1669 2881 1844 2941; x_wconf 89' lang='lat' dir='ltr'><strong>haec:</strong></span> <span class='ocrx_word' id='word_1_199' title='bbox 1899 2880 2031 2941; x_wconf 78' lang='lat' dir='ltr'><strong>Aut</strong></span> <span class='ocrx_word' id='word_1_200' title='bbox 2075 2886 2352 2956; x_wconf 74' lang='lat' dir='ltr'><strong>quoniam</strong></span> <span class='ocrx_word' id='word_1_201' title='bbox 2395 2884 2773 2957; x_wconf 71' lang='lat' dir='ltr'><strong>Pytleayoras</strong></span> <span class='ocrx_word' id='word_1_202' title='bbox 2822 2883 2975 2941; x_wconf 70' lang='lat' dir='ltr'><strong>dixit</strong></span> 
     </span>
     <span class='ocr_line' id='line_1_25' title="bbox 718 2986 2971 3059; baseline 0 -16"><span class='ocrx_word' id='word_1_203' title='bbox 718 2986 1055 3045; x_wconf 78' lang='lat' dir='ltr'><strong>huiusmodi</strong></span> <span class='ocrx_word' id='word_1_204' title='bbox 1085 2987 1320 3044; x_wconf 75' lang='lat' dir='ltr'><strong>animas</strong></span> <span class='ocrx_word' id='word_1_205' title='bbox 1348 2988 1413 3043; x_wconf 74' lang='lat' dir='ltr'><strong>in</strong></span> <span class='ocrx_word' id='word_1_206' title='bbox 1442 2986 1652 3045; x_wconf 76' lang='lat' dir='ltr'><strong>stellas</strong></span> <span class='ocrx_word' id='word_1_207' title='bbox 1685 2988 1970 3045; x_wconf 77' lang='lat' dir='ltr'><strong>converti:</strong></span> <span class='ocrx_word' id='word_1_208' title='bbox 2002 3004 2115 3059; x_wconf 74' lang='lat' dir='ltr'><strong>quo</strong></span> <span class='ocrx_word' id='word_1_209' title='bbox 2143 2986 2315 3044; x_wconf 80' lang='lat' dir='ltr'><strong>modo</strong></span> <span class='ocrx_word' id='word_1_210' title='bbox 2350 2988 2666 3059; x_wconf 74' lang='lat' dir='ltr'><strong>accipimus</strong></span> <span class='ocrx_word' id='word_1_211' title='bbox 2698 2990 2971 3044; x_wconf 76' lang='lat' dir='ltr'><strong>aeternos</strong></span> 
     </span>
     <span class='ocr_line' id='line_1_26' title="bbox 720 3087 2970 3164; baseline -0.001 -18"><span class='ocrx_word' id='word_1_212' title='bbox 720 3089 882 3146; x_wconf 81' lang='lat' dir='ltr'><strong>orbes</strong></span> <span class='ocrx_word' id='word_1_213' title='bbox 935 3088 1152 3148; x_wconf 84' lang='lat' dir='ltr'><strong>Oomm.</strong></span> <span class='ocrx_word' id='word_1_214' title='bbox 1193 3088 1332 3147; x_wconf 90' lang='lat' dir='ltr'><strong>Luc.</strong></span> <span class='ocrx_word' id='word_1_215' title='bbox 1375 3088 1458 3153; x_wconf 89' lang='lat' dir='ltr'><strong>IX</strong></span> <span class='ocrx_word' id='word_1_216' title='bbox 1495 3090 1571 3145; x_wconf 85' lang='lat'><strong>19</strong></span> <span class='ocrx_word' id='word_1_217' title='bbox 1632 3108 1688 3164; x_wconf 89' lang='lat' dir='ltr'><strong>p.</strong></span> <span class='ocrx_word' id='word_1_218' title='bbox 1722 3090 1839 3146; x_wconf 78' lang='lat'><strong>291</strong></span> <span class='ocrx_word' id='word_1_219' title='bbox 1890 3090 2116 3149; x_wconf 86' lang='lat' dir='ltr'><strong>Usener</strong></span> <span class='ocrx_word' id='word_1_220' title='bbox 2178 3088 2447 3164; x_wconf 80' lang='lat' dir='ltr'><strong>[Vari-on.</strong></span> <span class='ocrx_word' id='word_1_221' title='bbox 2485 3106 2597 3147; x_wconf 88' lang='lat' dir='ltr'><strong>rer.</strong></span> <span class='ocrx_word' id='word_1_222' title='bbox 2640 3089 2755 3147; x_wconf 88' lang='lat' dir='ltr'><strong>div.</strong></span> <span class='ocrx_word' id='word_1_223' title='bbox 2794 3088 2898 3147; x_wconf 89' lang='lat' dir='ltr'><strong>rel.</strong></span> <span class='ocrx_word' id='word_1_224' title='bbox 2941 3087 2970 3144; x_wconf 97' lang='lat' dir='ltr'>I</span> 
     </span>
     <span class='ocr_line' id='line_1_27' title="bbox 718 3190 2974 3267; baseline 0 -18"><span class='ocrx_word' id='word_1_225' title='bbox 718 3208 775 3265; x_wconf 88' lang='lat' dir='ltr'><strong>p.</strong></span> <span class='ocrx_word' id='word_1_226' title='bbox 804 3191 924 3249; x_wconf 86' lang='lat'><strong>154</strong></span> <span class='ocrx_word' id='word_1_227' title='bbox 977 3190 1250 3267; x_wconf 86' lang='lat' dir='ltr'><strong>Agahd]‚</strong></span> <span class='ocrx_word' id='word_1_228' title='bbox 1317 3190 1638 3249; x_wconf 85' lang='lat' dir='ltr'><strong>Schmekel</strong></span> <span class='ocrx_word' id='word_1_229' title='bbox 1693 3191 1789 3249; x_wconf 85' lang='lat' dir='ltr'><strong>De</strong></span> <span class='ocrx_word' id='word_1_230' title='bbox 1846 3191 2142 3251; x_wconf 77' lang='lat' dir='ltr'><strong>ovidiana</strong></span> <span class='ocrx_word' id='word_1_231' title='bbox 2198 3191 2609 3265; x_wconf 68' lang='lat' dir='ltr'><strong>Pythayoreae</strong></span> <span class='ocrx_word' id='word_1_232' title='bbox 2670 3192 2974 3249; x_wconf 77' lang='lat' dir='ltr'><strong>doctrinae</strong></span> 
     </span>
     <span class='ocr_line' id='line_1_28' title="bbox 722 3292 2973 3370; baseline -0 -18"><span class='ocrx_word' id='word_1_233' title='bbox 722 3294 1193 3364; x_wconf 74' lang='lat' dir='ltr'><strong>adimibratione,</strong></span> <span class='ocrx_word' id='word_1_234' title='bbox 1261 3294 1396 3352; x_wconf 89' lang='lat' dir='ltr'><strong>diss.</strong></span> <span class='ocrx_word' id='word_1_235' title='bbox 1441 3292 1584 3370; x_wconf 90' lang='lat' dir='ltr'><strong>phil.</strong></span> <span class='ocrx_word' id='word_1_236' title='bbox 1633 3293 2002 3369; x_wconf 83' lang='lat' dir='ltr'><strong>Gryphisdw.</strong></span> <span class='ocrx_word' id='word_1_237' title='bbox 2058 3294 2218 3353; x_wconf 83' lang='lat'>1885</span> <span class='ocrx_word' id='word_1_238' title='bbox 2279 3311 2334 3369; x_wconf 92' lang='lat' dir='ltr'><strong>p.</strong></span> <span class='ocrx_word' id='word_1_239' title='bbox 2369 3294 2449 3352; x_wconf 86' lang='lat'><strong>58</strong></span> <span class='ocrx_word' id='word_1_240' title='bbox 2474 3311 2579 3365; x_wconf 89' lang='lat' dir='ltr'><strong>ss.;</strong></span> <span class='ocrx_word' id='word_1_241' title='bbox 2652 3292 2973 3353; x_wconf 85' lang='lat' dir='ltr'><strong>Schmekel</strong></span> 
     </span>
     <span class='ocr_line' id='line_1_29' title="bbox 719 3380 2971 3472; baseline -0 -17"><span class='ocrx_word' id='word_1_242' title='bbox 719 3394 840 3455; x_wconf 85' lang='lat' dir='ltr'><strong>Die</strong></span> <span class='ocrx_word' id='word_1_243' title='bbox 895 3380 1275 3470; x_wconf 68' lang='lat' dir='ltr'><strong>Philosophia</strong></span> <span class='ocrx_word' id='word_1_244' title='bbox 1314 3398 1446 3455; x_wconf 77' lang='lat' dir='ltr'><strong>&#39;de-r</strong></span> <span class='ocrx_word' id='word_1_245' title='bbox 1507 3396 1803 3455; x_wconf 73' lang='lat' dir='ltr'><strong>mittieren</strong></span> <span class='ocrx_word' id='word_1_246' title='bbox 1862 3395 2012 3455; x_wconf 76' lang='lat' dir='ltr'><strong>Stoa</strong></span> <span class='ocrx_word' id='word_1_247' title='bbox 2068 3415 2125 3471; x_wconf 92' lang='lat' dir='ltr'><strong>p.</strong></span> <span class='ocrx_word' id='word_1_248' title='bbox 2154 3396 2273 3455; x_wconf 85' lang='lat'><strong>130</strong></span> <span class='ocrx_word' id='word_1_249' title='bbox 2334 3394 2539 3472; x_wconf 86' lang='lat' dir='ltr'><strong>fragm.</strong></span> <span class='ocrx_word' id='word_1_250' title='bbox 2576 3396 2684 3471; x_wconf 86' lang='lat'><strong>43,</strong></span> <span class='ocrx_word' id='word_1_251' title='bbox 2751 3397 2971 3457; x_wconf 82' lang='lat' dir='ltr'><strong>Comm.</strong></span> 
     </span>
    </p>
   </div>
   <div class='ocr_carea' id='block_1_7' title="bbox 719 3646 2975 4405">
    <p class='ocr_par' dir='ltr' id='par_1_7' title="bbox 719 3646 2975 3804">
     <span class='ocr_line' id='line_1_30' title="bbox 894 3646 2975 3718; baseline 0 -16"><span class='ocrx_word' id='word_1_252' title='bbox 894 3648 937 3718; x_wconf 83' lang='grc'><strong>1)</strong></span> <span class='ocrx_word' id='word_1_253' title='bbox 975 3646 1194 3703; x_wconf 85' lang='lat' dir='ltr'><strong>Gundel</strong></span> <span class='ocrx_word' id='word_1_254' title='bbox 1233 3648 1401 3703; x_wconf 91' lang='lat' dir='ltr'><strong>modo</strong></span> <span class='ocrx_word' id='word_1_255' title='bbox 1442 3649 1497 3702; x_wconf 92' lang='lat' dir='ltr'><strong>in</strong></span> <span class='ocrx_word' id='word_1_256' title='bbox 1541 3662 1608 3703; x_wconf 90' lang='lat' dir='ltr'><strong>eo</strong></span> <span class='ocrx_word' id='word_1_257' title='bbox 1649 3652 1790 3703; x_wconf 76' lang='lat' dir='ltr'><strong>errat</strong></span> <span class='ocrx_word' id='word_1_258' title='bbox 1825 3648 1977 3717; x_wconf 90' lang='lat' dir='ltr'><strong>quod</strong></span> <span class='ocrx_word' id='word_1_259' title='bbox 2011 3648 2171 3703; x_wconf 86' lang='lat' dir='ltr'><strong>huius</strong></span> <span class='ocrx_word' id='word_1_260' title='bbox 2207 3648 2477 3717; x_wconf 88' lang='lat' dir='ltr'><strong>opinionis</strong></span> <span class='ocrx_word' id='word_1_261' title='bbox 2512 3647 2776 3718; x_wconf 89' lang='lat' dir='ltr'><strong>originem</strong></span> <span class='ocrx_word' id='word_1_262' title='bbox 2811 3648 2975 3703; x_wconf 82' lang='lat' dir='ltr'><strong>duxit</strong></span> 
     </span>
     <span class='ocr_line' id='line_1_31' title="bbox 719 3733 2878 3804; baseline 0 -16"><span class='ocrx_word' id='word_1_263' title='bbox 719 3748 752 3788; x_wconf 87' lang='lat' dir='ltr'><strong>a</strong></span> <span class='ocrx_word' id='word_1_264' title='bbox 788 3733 1260 3804; x_wconf 82' lang='lat' dir='ltr'><strong>Pythagoreorum</strong></span> <span class='ocrx_word' id='word_1_265' title='bbox 1295 3734 1597 3789; x_wconf 85' lang='lat' dir='ltr'><strong>sententiis.</strong></span> <span class='ocrx_word' id='word_1_266' title='bbox 2874 3748 2878 3752; x_wconf 86' lang='grc'><strong>’</strong></span> 
     </span>
    </p>

    <p class='ocr_par' dir='ltr' id='par_1_8' title="bbox 721 3818 2974 4061">
     <span class='ocr_line' id='line_1_32' title="bbox 891 3818 2974 3890; baseline 0 -17"><span class='ocrx_word' id='word_1_267' title='bbox 891 3820 940 3889; x_wconf 81' lang='lat'><strong>2)</strong></span> <span class='ocrx_word' id='word_1_268' title='bbox 982 3819 1069 3873; x_wconf 94' lang='lat' dir='ltr'><strong>De</strong></span> <span class='ocrx_word' id='word_1_269' title='bbox 1113 3818 1221 3873; x_wconf 91' lang='lat' dir='ltr'><strong>hoc</strong></span> <span class='ocrx_word' id='word_1_270' title='bbox 1265 3820 1444 3874; x_wconf 85' lang='lat' dir='ltr'><strong>sidere</strong></span> <span class='ocrx_word' id='word_1_271' title='bbox 1489 3818 1556 3874; x_wconf 82' lang='lat' dir='ltr'><strong>cf.</strong></span> <span class='ocrx_word' id='word_1_272' title='bbox 1583 3819 1859 3876; x_wconf 85' lang='lat' dir='ltr'><strong>Wissowa</strong></span> <span class='ocrx_word' id='word_1_273' title='bbox 1901 3820 2161 3890; x_wconf 72' lang='lat' dir='ltr'><strong>Reliyion</strong></span> <span class='ocrx_word' id='word_1_274' title='bbox 2205 3820 2323 3885; x_wconf 78' lang='lat' dir='ltr'><strong>und</strong></span> <span class='ocrx_word' id='word_1_275' title='bbox 2356 3820 2565 3874; x_wconf 80' lang='lat' dir='ltr'><strong>Kultus</strong></span> <span class='ocrx_word' id='word_1_276' title='bbox 2611 3820 2707 3875; x_wconf 77' lang='lat' dir='ltr'><strong>der</strong></span> <span class='ocrx_word' id='word_1_277' title='bbox 2738 3820 2974 3876; x_wconf 60' lang='lat' dir='ltr'><strong>Roma-²</strong></span> 
     </span>
     <span class='ocr_line' id='line_1_33' title="bbox 721 3905 2973 3975; baseline 0 -17"><span class='ocrx_word' id='word_1_278' title='bbox 721 3923 775 3973; x_wconf 91' lang='lat' dir='ltr'><strong>p.</strong></span> <span class='ocrx_word' id='word_1_279' title='bbox 796 3909 913 3975; x_wconf 81' lang='lat'><strong>342,</strong></span> <span class='ocrx_word' id='word_1_280' title='bbox 946 3909 1044 3959; x_wconf 88' lang='grc'><strong>343</strong></span> <span class='ocrx_word' id='word_1_281' title='bbox 1080 3906 1266 3959; x_wconf 84' lang='lat' dir='ltr'><strong>adnot.</strong></span> <span class='ocrx_word' id='word_1_282' title='bbox 1291 3910 1348 3973; x_wconf 83' lang='lat'><strong>43</strong></span> <span class='ocrx_word' id='word_1_283' title='bbox 1387 3905 1454 3960; x_wconf 90' lang='lat' dir='ltr'><strong>V.</strong></span> <span class='ocrx_word' id='word_1_284' title='bbox 1481 3905 1867 3962; x_wconf 83' lang='lat' dir='ltr'><strong>Gardthausen</strong></span> <span class='ocrx_word' id='word_1_285' title='bbox 1902 3906 2183 3975; x_wconf 72' lang='lat' dir='ltr'><strong>Auyustus</strong></span> <span class='ocrx_word' id='word_1_286' title='bbox 2219 3905 2336 3959; x_wconf 79' lang='lat' dir='ltr'><strong>und</strong></span> <span class='ocrx_word' id='word_1_287' title='bbox 2368 3906 2519 3959; x_wconf 68' lang='lat' dir='ltr'><strong>aeine</strong></span> <span class='ocrx_word' id='word_1_288' title='bbox 2553 3905 2682 3960; x_wconf 84' lang='lat' dir='ltr'><strong>Zeit</strong></span> <span class='ocrx_word' id='word_1_289' title='bbox 2713 3906 2769 3959; x_wconf 96' lang='lat' dir='ltr'><strong>II</strong></span> <span class='ocrx_word' id='word_1_290' title='bbox 2804 3922 2857 3975; x_wconf 87' lang='lat' dir='ltr'><strong>p.</strong></span> <span class='ocrx_word' id='word_1_291' title='bbox 2880 3909 2973 3972; x_wconf 80' lang='lat'><strong>243</strong></span> 
     </span>
     <span class='ocr_line' id='line_1_34' title="bbox 722 3989 2202 4061; baseline 0.001 -18"><span class='ocrx_word' id='word_1_292' title='bbox 722 3989 824 4043; x_wconf 89' lang='lat' dir='ltr'><strong>Th.</strong></span> <span class='ocrx_word' id='word_1_293' title='bbox 850 3990 1149 4045; x_wconf 87' lang='lat' dir='ltr'><strong>Mommsen</strong></span> <span class='ocrx_word' id='word_1_294' title='bbox 1182 3990 1530 4046; x_wconf 77' lang='lat' dir='ltr'><strong>Historische</strong></span> <span class='ocrx_word' id='word_1_295' title='bbox 1563 3990 1847 4061; x_wconf 76' lang='lat' dir='ltr'><strong>Schriften</strong></span> <span class='ocrx_word' id='word_1_296' title='bbox 1881 3992 1909 4045; x_wconf 96' lang='lat' dir='ltr'>I</span> <span class='ocrx_word' id='word_1_297' title='bbox 1943 4009 1996 4060; x_wconf 89' lang='lat' dir='ltr'><strong>p.</strong></span> <span class='ocrx_word' id='word_1_298' title='bbox 2020 3996 2116 4046; x_wconf 88' lang='lat'><strong>180</strong></span> <span class='ocrx_word' id='word_1_299' title='bbox 2129 4008 2202 4047; x_wconf 86' lang='lat' dir='ltr'><strong>ss.</strong></span> 
     </span>
    </p>

    <p class='ocr_par' dir='ltr' id='par_1_9' title="bbox 723 4075 2975 4405">
     <span class='ocr_line' id='line_1_35' title="bbox 892 4075 2975 4147; baseline -0 -16"><span class='ocrx_word' id='word_1_300' title='bbox 892 4076 940 4145; x_wconf 85' lang='lat'><strong>⁸)</strong></span> <span class='ocrx_word' id='word_1_301' title='bbox 975 4075 1066 4131; x_wconf 86' lang='lat' dir='ltr'><strong>Sic</strong></span> <span class='ocrx_word' id='word_1_302' title='bbox 1102 4077 1173 4131; x_wconf 90' lang='lat' dir='ltr'><strong>de</strong></span> <span class='ocrx_word' id='word_1_303' title='bbox 1209 4076 1440 4131; x_wconf 84' lang='lat' dir='ltr'><strong>Traiano</strong></span> <span class='ocrx_word' id='word_1_304' title='bbox 1479 4077 1685 4131; x_wconf 88' lang='lat' dir='ltr'><strong>Plinius</strong></span> <span class='ocrx_word' id='word_1_305' title='bbox 1722 4077 1857 4131; x_wconf 90' lang='lat' dir='ltr'><strong>dicit</strong></span> <span class='ocrx_word' id='word_1_306' title='bbox 1892 4078 2112 4147; x_wconf 86' lang='lat' dir='ltr'><strong>(paneg.</strong></span> <span class='ocrx_word' id='word_1_307' title='bbox 2150 4094 2196 4131; x_wconf 91' lang='lat' dir='ltr'><strong>c.</strong></span> <span class='ocrx_word' id='word_1_308' title='bbox 2224 4082 2288 4133; x_wconf 83' lang='lat'><strong>89</strong></span> <span class='ocrx_word' id='word_1_309' title='bbox 2331 4092 2385 4145; x_wconf 86' lang='lat' dir='ltr'><strong>p.</strong></span> <span class='ocrx_word' id='word_1_310' title='bbox 2412 4082 2511 4132; x_wconf 86' lang='lat'><strong>410</strong></span> <span class='ocrx_word' id='word_1_311' title='bbox 2548 4076 2823 4145; x_wconf 85' lang='lat' dir='ltr'><strong>Kukula):</strong></span> <span class='ocrx_word' id='word_1_312' title='bbox 2867 4076 2975 4130; x_wconf 84' lang='lat' dir='ltr'><strong>Sed</strong></span> 
     </span>
     <span class='ocr_line' id='line_1_36' title="bbox 723 4161 2973 4233; baseline 0.001 -19"><span class='ocrx_word' id='word_1_313' title='bbox 723 4164 773 4215; x_wconf 81' lang='lat' dir='ltr'><strong>et</strong></span> <span class='ocrx_word' id='word_1_314' title='bbox 822 4163 905 4230; x_wconf 79' lang='lat' dir='ltr'><strong>tu,</strong></span> <span class='ocrx_word' id='word_1_315' title='bbox 948 4164 1116 4231; x_wconf 74' lang='lat' dir='ltr'><strong>pater</strong></span> <span class='ocrx_word' id='word_1_316' title='bbox 1155 4162 1397 4217; x_wconf 77' lang='lat' dir='ltr'><strong>Traiane</strong></span> <span class='ocrx_word' id='word_1_317' title='bbox 1443 4163 1597 4233; x_wconf 76' lang='lat' dir='ltr'><strong>(nam</strong></span> <span class='ocrx_word' id='word_1_318' title='bbox 1646 4166 1707 4217; x_wconf 81' lang='lat' dir='ltr'><strong>tu</strong></span> <span class='ocrx_word' id='word_1_319' title='bbox 1754 4180 1985 4232; x_wconf 78' lang='lat' dir='ltr'><strong>quoque,</strong></span> <span class='ocrx_word' id='word_1_320' title='bbox 2034 4163 2087 4217; x_wconf 83' lang='lat' dir='ltr'><strong>si</strong></span> <span class='ocrx_word' id='word_1_321' title='bbox 2133 4179 2247 4218; x_wconf 78' lang='lat' dir='ltr'><strong>non</strong></span> <span class='ocrx_word' id='word_1_322' title='bbox 2291 4163 2365 4217; x_wconf 84' lang='lat' dir='ltr'><strong>ad</strong></span> <span class='ocrx_word' id='word_1_323' title='bbox 2405 4162 2611 4231; x_wconf 80' lang='lat' dir='ltr'><strong>sidera,</strong></span> <span class='ocrx_word' id='word_1_324' title='bbox 2650 4161 2973 4231; x_wconf 75' lang='lat' dir='ltr'><strong>proximam</strong></span> 
     </span>
     <span class='ocr_line' id='line_1_37' title="bbox 723 4246 2975 4317; baseline 0.001 -18"><span class='ocrx_word' id='word_1_325' title='bbox 723 4249 903 4301; x_wconf 81' lang='lat' dir='ltr'><strong>tamen</strong></span> <span class='ocrx_word' id='word_1_326' title='bbox 938 4246 1212 4302; x_wconf 76' lang='lat' dir='ltr'><strong>sideribus</strong></span> <span class='ocrx_word' id='word_1_327' title='bbox 1247 4248 1456 4303; x_wconf 78' lang='lat' dir='ltr'><strong>obtines</strong></span> <span class='ocrx_word' id='word_1_328' title='bbox 1489 4247 1685 4316; x_wconf 80' lang='lat' dir='ltr'><strong>sedem)</strong></span> <span class='ocrx_word' id='word_1_329' title='bbox 1725 4292 1736 4303; x_wconf 92' lang='lat'><strong>.</strong></span> <span class='ocrx_word' id='word_1_330' title='bbox 1775 4290 1785 4301; x_wconf 93' lang='lat'><strong>.</strong></span> <span class='ocrx_word' id='word_1_331' title='bbox 1819 4291 1831 4304; x_wconf 89' lang='lat'><strong>.</strong></span> <span class='ocrx_word' id='word_1_332' title='bbox 1902 4248 1984 4303; x_wconf 83' lang='lat' dir='ltr'><strong>Of.</strong></span> <span class='ocrx_word' id='word_1_333' title='bbox 2024 4248 2083 4304; x_wconf 93' lang='grc' dir='ltr'><strong>Ο.</strong></span> <span class='ocrx_word' id='word_1_334' title='bbox 2111 4248 2424 4304; x_wconf 87' lang='lat' dir='ltr'><strong>Hirschfeld</strong></span> <span class='ocrx_word' id='word_1_335' title='bbox 2458 4247 2659 4303; x_wconf 81' lang='lat' dir='ltr'><strong>Kleine</strong></span> <span class='ocrx_word' id='word_1_336' title='bbox 2692 4246 2975 4317; x_wconf 60' lang='lat' dir='ltr'><strong>Schriften</strong></span> 
     </span>
     <span class='ocr_line' id='line_1_38' title="bbox 723 4333 2575 4405; baseline -0.001 -15"><span class='ocrx_word' id='word_1_337' title='bbox 723 4349 778 4400; x_wconf 87' lang='lat' dir='ltr'><strong>p.</strong></span> <span class='ocrx_word' id='word_1_338' title='bbox 799 4337 927 4403; x_wconf 78' lang='lat'>4883</span> <span class='ocrx_word' id='word_1_339' title='bbox 965 4334 1024 4388; x_wconf 92' lang='lat' dir='ltr'><strong>L.</strong></span> <span class='ocrx_word' id='word_1_340' title='bbox 1051 4333 1410 4390; x_wconf 65' lang='lat' dir='ltr'><strong>Friedl’alnder</strong></span> <span class='ocrx_word' id='word_1_341' title='bbox 1444 4333 1925 4405; x_wconf 73' lang='lat' dir='ltr'><strong>Sittenqeschichte</strong></span> <span class='ocrx_word' id='word_1_342' title='bbox 1952 4334 2065 4390; x_wconf 81' lang='lat' dir='ltr'><strong>IV⁸</strong></span> <span class='ocrx_word' id='word_1_343' title='bbox 2100 4351 2155 4403; x_wconf 91' lang='lat' dir='ltr'><strong>p.</strong></span> <span class='ocrx_word' id='word_1_344' title='bbox 2182 4337 2279 4388; x_wconf 85' lang='lat'><strong>372</strong></span> <span class='ocrx_word' id='word_1_345' title='bbox 2318 4334 2499 4393; x_wconf 77' lang='lat' dir='ltr'><strong>adnot.</strong></span> <span class='ocrx_word' id='word_1_346' title='bbox 2529 4340 2575 4389; x_wconf 86' lang='lat'><strong>2.</strong></span> 
     </span>
    </p>
   </div>
   <div class='ocr_carea' id='block_1_8' title="bbox 3166 1851 3178 3011">
    <p class='ocr_par' dir='ltr' id='par_1_10' title="bbox 3166 1851 3178 3011">
     <span class='ocr_line' id='line_1_39' title="bbox 3166 1851 3178 3011; baseline 0 0"><span class='ocrx_word' id='word_1_347' title='bbox 3166 1851 3178 3011; x_wconf 95' lang='lat' dir='ltr'><strong> </strong></span> 
     </span>
    </p>
   </div>
   <div class='ocr_carea' id='block_1_9' title="bbox 3166 3566 3177 5072">
    <p class='ocr_par' dir='ltr' id='par_1_11' title="bbox 3166 3566 3177 5072">
     <span class='ocr_line' id='line_1_40' title="bbox 3166 3566 3177 5072; baseline 0 0"><span class='ocrx_word' id='word_1_348' title='bbox 3166 3566 3177 5072; x_wconf 95' lang='lat' dir='ltr'><strong> </strong></span> 
     </span>
    </p>
   </div>
  </div>
 </body>
</html>
