3251 5125
2539 411 2618 470 41

373 589 714 648 iudiciorum
747 591 914 663 prato
945 591 1167 664 septem
1201 586 1404 646 diebus
1433 585 1686 661 peractis
1717 589 1926 644 octavo
1959 585 2053 645 die
2082 584 2383 661 profectae
2414 588 2623 661 quarto

376 691 494 750 die.
536 691 887 767 perveniunt
952 707 1022 748 eo
1089 676 1256 751 ὅθεν
1313 686 1628 768 καθορᾶν
1685 679 1961 750 ἄνωθεν
2020 680 2127 749 διὰ
2182 682 2440 760 παντὸς
2497 684 2623 749 τοῦ

375 789 677 873 ου’ρανοῦ
724 789 834 852 καὶ
881 792 997 874 γῆς
1039 788 1406 871 τεταμένον
1453 789 1596 868 φῶς
1640 777 1833 866 εὐθύ,
1881 781 2031 851 οἷον
2076 787 2295 865 κίονα,
2337 783 2646 869 μάλιστα

373 895 456 974 τῇ
509 891 670 976 ’ίριδι
720 891 1097 976 προσφερῆ,
1151 885 1618 972 λαμπρότερον
1675 889 1746 954 δὲ
1796 889 1910 953 καὶ
1952 886 2471 972 καθαρώτερον·
2532 887 2624 963 εἰς

375 985 414 1059 6
462 987 822 1076 αφικέσθαι
866 989 1326 1118 προελθόντες
1369 989 1731 1079 ἡμερησίαν
1777 989 1965 1071 ὁδόν,
2008 992 2121 1054 καὶ
2166 989 2333 1055 ἰδεῖν
2371 986 2625 1055 αὐτόθι

374 1090 550 1161 κατὰ
602 1095 807 1179 μέσον
864 1092 944 1161 τὸ
1005 1097 1149 1176 φῶς
1208 1093 1283 1158 ἐκ
1341 1096 1466 1158 τοῦ
1521 1086 1821 1178 ουρανοῦ
1872 1092 1955 1160 τὰ
2003 1088 2176 1176 ἄκρα
2221 1083 2436 1158 αυτοῦ
2481 1095 2624 1157 τῶν

374 1199 636 1283 δεσμῶν
688 1199 1045 1282 τεταμένα·
1105 1192 1275 1262 εἶναι
1327 1193 1452 1282 γὰρ
1506 1192 1850 1262 τοῦτοὶτό
1896 1199 2041 1278 φῶς
2086 1192 2459 1279 σύνδεσμον
2500 1196 2624 1260 τοῦ

373 1292 704 1386 ουρανοῦ,
765 1306 915 1366 οῖον
973 1296 1056 1364 τὰ
1113 1297 1524 1384 ὑποζώματα
1583 1303 1727 1364 τῶν
1784 1297 2102 1383 τριήρων,
2163 1290 2348 1364 ου’τω
2401 1299 2627 1362 πᾶσαν

372 1405 656 1487 συνέχον
686 1402 814 1488 τὴν
845 1400 1240 1487 περιφοράν,
1276 1405 1350 1465 ef.
1377 1407 1570 1465 Zeller
1599 1408 1629 1464 I
1656 1407 1720 1463 1⁵
1748 1424 1805 1482 p.
1829 1406 1951 1465 435
1984 1405 2180 1465 adnot
2202 1406 2267 1478 23
2308 1405 2545 1480 Gruppe
2565 1405 2625 1462 II

370 1528 429 1586 p.
454 1510 612 1569 1036
645 1509 840 1568 adnot.
863 1510 924 1580 13
954 1510 1115 1584 Ettig
1136 1507 1540 1567 Acheruntica
1567 1528 1624 1585 p.
1648 1509 1797 1580 3083
1830 1508 2010 1568 Clem.
2030 1506 2359 1567 Baeumker
2390 1505 2623 1576 Witelo,

373 1615 470 1670 ein
507 1612 833 1686 Philosoph
875 1614 1002 1671 und
1038 1612 1508 1686 Naturforscher
1552 1612 1653 1670 des
1700 1613 1797 1669 13.
1826 1611 2038 1670 Jahrh.
2082 1628 2138 1686 p.
2162 1609 2286 1668 445
2329 1610 2625 1684 (Beitrage

372 1732 478 1773 zur
536 1713 894 1794 'Gesehiohte
961 1715 1065 1780 der
1131 1712 1510 1790 Philosophie
1577 1714 1681 1773 des
1742 1714 2117 1773 Mittelalters
2173 1712 2264 1771 111
2296 1713 2376 1788 2).
2483 1712 2621 1770 Per-

371 1818 636 1893 spicuum
697 1820 794 1876 est
846 1818 999 1875 hane
1062 1818 1208 1876 lucis
1267 1818 1602 1876 columnam
1660 1834 1769 1893 per
1828 1820 2011 1875 totum
2070 1813 2345 1874 mundum
2398 1819 2622 1874 tensam

372 1936 500 1978 esse
573 1921 856 1979 circulum
927 1920 1182 1978 lacteum
1257 1921 1485 1978 eaelum
1559 1920 1888 1995 cingentem
1963 1923 2022 1977 et
2086 1918 2482 1977 continentem
2549 1916 2620 1975 ef.

373 2022 694 2098 Gruppium
739 2023 781 2081 l.
804 2024 871 2095 1.,
925 2023 1101 2097 Ettig.
1145 2024 1184 2080 l.
1209 2023 1249 2080 l.
1346 2023 1657 2081 Platonem
1715 2020 1827 2080 hoe
1885 2023 2020 2081 loeo
2074 2020 2307 2080 omnino
2360 2022 2621 2079 veterum

368 2123 852 2202 philosophorum
881 2124 1164 2200 imprimis
1185 2124 1689 2200 Pythagoreorum
1720 2125 2037 2184 sententias
2069 2127 2329 2182 secutum
2357 2139 2485 2182 esse
2507 2123 2621 2180 iam

371 2227 446 2286 ab
493 2227 627 2286 aliis
669 2228 972 2303 ingeniose
1014 2226 1187 2286 video
1232 2244 1358 2286 esse
1400 2225 1871 2286 animadversum
1910 2227 2050 2300 (vel.
2088 2229 2221 2302 post
2256 2223 2621 2285 Boeokhium

370 2331 567 2389 Zeller
610 2330 653 2387 l.
676 2330 759 2404 1.),
803 2330 982 2389 velim
1027 2329 1198 2389 modo
1244 2346 1544 2405 compares
1588 2330 1855 2388 Platonis
1896 2321 2069 2390 κατὰ
2110 2325 2317 2408 μέσον
2355 2319 2434 2388 τὸ
2476 2325 2623 2404 φῶς

369 2427 444 2492 ἐκ
488 2431 615 2494 τοῦ
661 2422 959 2511 οὐρανοῦ
1007 2449 1136 2492 eum
1183 2432 1439 2490 Philolai
1484 2429 1624 2511 πῦρ
1670 2427 1744 2492 ἐν
1779 2428 1984 2512 μέσωι
2023 2427 2177 2511 περὶ
2217 2423 2296 2490 τὸ
2336 2426 2621 2511 κέντρον

371 2522 540 2615 ὅπερ
587 2527 808 2597 ἑστίαν
854 2534 982 2596 τοῦ
1022 2529 1282 2608 παντὸς
1321 2535 1514 2596 καλεῖ
1547 2531 1660 2595 καὶ
1701 2525 1855 2607 Διὸς
1894 2523 2088 2595 οἶκον
2112 2535 2156 2608 ¹)
2196 2531 2425 2599 aceedit
2462 2531 2621 2608 quod

371 2639 546 2698 etiam
576 2636 935 2713 Pythagorei
972 2620 1227 2709 lacteum
1268 2640 1469 2698 orbem
1509 2640 2001 2713 comparaverunt
2038 2654 2169 2697 eum
2207 2653 2347 2695 arou
2379 2636 2621 2695 caelesti

369 2742 445 2800 ef.
484 2743 619 2801 Aet.
657 2743 813 2816 plac.
854 2741 940 2801 III
978 2743 1028 2816 1,
1055 2744 1091 2799 2
1138 2742 1330 2817 (Diels
1355 2742 1526 2811 ,Dox.
1570 2759 1627 2816 p.
1661 2741 1809 2812 364,
1865 2740 2027 2833 Fore.
2073 2740 2137 2797 1³
2180 2758 2235 2815 p.
2271 2739 2411 2812 356,
2444 2739 2522 2796 37
2536 2739 2618 2815 e):

370 2837 548 2917 τινὲς
603 2840 674 2905 δὲ
728 2845 830 2918 (se.
875 2844 1013 2904 τῶν
1059 2841 1577 2924 Πυθαγορείων)
1630 2833 2098 2923 κατοπτρικὴν
2148 2834 2316 2903 εἶναι
2371 2859 2619 2919 φαντα-

368 2943 521 3007 σίαν
573 2944 700 3007 τοῦ
751 2939 948 3026 ἡλίου
1002 2941 1120 3019 τὰς
1174 2936 1376 3026 αὐγὰς
1426 2938 1596 3025 πρὸς
1649 2938 1773 3005 τὸν
1820 2932 2118 3025 οὐρανὸν
2162 2932 2622 3019 ἀνακλῶντος,

371 3038 562 3128 ὅπερ
629 3037 820 3109 κάπὶ
886 3048 1022 3131 τῆς
1089 3045 1340 3128 ἴριδος
1407 3042 1530 3108 ἐπὶ
1590 3047 1749 3108 τῶν
1810 3047 2072 3125 νεφῶν
2134 3043 2622 3127 συμβαίνεῌ)

367 3152 461 3209 Ex
505 3150 675 3210 dietis
720 3152 834 3209 iam
877 3154 1042 3227 patet
1084 3152 1391 3209 Platonem
1438 3152 1751 3225 agnovisse
1799 3150 2080 3226 quasdam
2121 3147 2621 3225 Pythagoreorum

369 3254 687 3312 sententias
768 3254 978 3328 quibus
1059 3252 1489 3313 demonstratur
1563 3253 1788 3311 animas
1859 3254 2198 3329 priusquam
2271 3253 2488 3310 intrent
2562 3252 2622 3309 in

369 3373 654 3432 corporea
707 3357 766 3414 in
819 3357 1016 3415 lacteo
1073 3356 1214 3415 orbe
1265 3360 1534 3414 versatae
1577 3355 1717 3414 inde
1765 3355 1963 3415 delabi
2006 3356 2067 3413 in
2110 3358 2355 3431 partum.
2369 3357 2417 3429 ³)
2504 3353 2623 3414 Sed

369 3476 445 3516 ne
498 3458 868 3517 tenuissimus
913 3457 1146 3533 quidem
1193 3459 1504 3534 serupulus
1547 3458 1803 3517 resideat
1845 3457 2140 3534 proferam
2184 3461 2390 3518 testem
2436 3457 2622 3515 Hera-
2696 3442 2701 3449 ’

369 3559 584 3619 elidem
636 3561 942 3619 Ponticum
999 3560 1070 3619 es.
1116 3560 1422 3619 Iamblieh.
1467 3578 1560 3636 ap.
1606 3560 1765 3621 Stob.
1812 3561 2001 3634 eelog.
2046 3560 2145 3632 49,
2178 3560 2258 3617 39
2310 3558 2363 3635 [1
2407 3576 2463 3634 p.
2496 3559 2621 3616 378

369 3663 688 3736 Waehsm.‚
771 3664 922 3724 Voss
994 3665 1091 3723 De
1161 3665 1403 3723 Heracl.
1469 3664 1643 3723 Pont.
1716 3682 1773 3739 p.
1814 3663 1892 3723 59
1969 3662 2173 3737 fragm.
2214 3662 2328 3734 44;
2414 3661 2621 3721 Rohde

369 3765 468 3825 Pe.
507 3767 598 3824 11²
643 3784 700 3842 p.
735 3764 815 3825 94
859 3766 1056 3825 adnot.
1087 3769 1138 3840 1,
1181 3768 1397 3826 Kleine
1433 3766 1737 3839 Schriften
1781 3767 1840 3824 II
1881 3784 1938 3842 p.
1970 3766 2089 3825 175
2136 3764 2333 3823 adnot.
2359 3764 2447 3841 2]:
2494 3760 2621 3824 Καὶ

543 3966 584 4033 ¹)
621 3965 702 4021 cf.
736 3965 931 4022 Philol.
967 3981 1054 4034 ap.
1085 3965 1211 4021 Aet.
1248 3968 1393 4036 plac.
1430 3966 1486 4021 11
1512 3974 1558 4035 7,
1580 3974 1608 4020 7
1648 3967 1789 4023 Dox.
1825 3983 1880 4036 p.
1907 3971 1971 4021 36
2008 3982 2079 4021 ex
2114 3965 2497 4035 Theophrasto
2534 3981 2619 4036 ap.

367 4050 747 4121 Posidonium,
802 4051 957 4107 Diels
1003 4052 1154 4107 Vor8.
1192 4052 1248 4105 1³
1291 4070 1346 4122 p.
1375 4058 1574 4122 306,16
1625 4051 1695 4106 ef.
1740 4069 1794 4121 p.
1822 4056 1919 4107 312
1966 4052 2077 4117 Β7,
2136 4051 2331 4106 Philol.
2369 4068 2458 4121 ap.
2493 4052 2619 4107 Aet.

367 4136 403 4191 l.
424 4137 457 4191 l.
495 4136 578 4190 ΙΙΙ
606 4141 686 4207 11,
707 4142 736 4191 3
774 4137 918 4193 Dox.
954 4154 1008 4207 p.
1035 4142 1151 4205 377,
1197 4138 1348 4193 Vora.
1381 4139 1438 4192 1⁸
1473 4156 1526 4207 p.
1553 4143 1667 4205 306,
1694 4142 1754 4192 17
1794 4154 1863 4193 ex
1898 4138 2296 4206 Theophrasto.

538 4223 583 4291 ²)
621 4222 889 4277 Mexieani
923 4222 1160 4278 lacteum
1196 4222 1387 4279 orbem
1420 4223 1867 4294 significaverunt
1899 4238 2058 4278 arcus
2094 4222 2349 4278 caelestis
2376 4237 2620 4277 sororem

369 4305 439 4361 ef.
476 4306 564 4361 Fr.
589 4306 748 4362 Kahn
783 4306 898 4361 Die
932 4306 1325 4376 Milchstrafse,
1363 4308 1635 4379 stuttgart
1675 4314 1803 4364 1914
1840 4325 1894 4378 p.
1920 4313 1997 4363 10.

539 4394 584 4461 ⁸)
621 4391 702 4448 Cf.
735 4392 1102 4449 Immisehium
1137 4394 1226 4448 l.l.
1263 4410 1318 4464 p.
1345 4399 1460 4449 561.
