3251 5125
707 346 779 402 16

688 521 920 577 constat
982 515 1310 593 professum
1376 515 1879 592 Pythagoreorum
1948 515 2346 592 disciplinam,
2417 534 2509 593 ap.
2555 515 2799 576 Varron.
2862 515 2945 576 de

683 620 831 694 ling.
861 619 990 682 Lat.
1014 618 1066 679 V
1090 620 1170 679 68
1209 620 1382 695 (Eun.
1422 636 1581 695 poes.
1620 618 1826 694 fragm.
1865 638 1923 695 p.
1948 619 2071 677 222
2116 618 2323 696 fragm.
2346 619 2387 678 8
2425 618 2662 678 Vahlen
2677 620 2720 693 2,
2764 619 2945 678 Diels

696 721 858 781 Vors.
897 723 960 780 13
1004 740 1060 797 p.
1093 721 1211 780 128
1249 721 1456 798 Epich.
1494 720 1699 798 fragm.
1727 721 1830 796 54)
1878 722 2013 780 hinc
2048 721 2448 796 Epicharmus
2487 721 2658 782 Enni
2693 722 2945 782 Proser-

673 826 890 897 pinam
935 842 1162 897 quoque
1205 824 1307 901 [se.
1344 823 1571 900 limam]
1619 824 1890 898 appellat
1932 825 2090 896 quod
2132 826 2284 884 solet
2326 841 2448 885 esse
2492 826 2600 884 sub
2649 826 2815 883 tem-is
2859 824 2943 884 cf.

685 928 882 986 Zeller
920 928 986 985 15
1035 945 1091 1002 p.
1117 927 1240 985 497
1289 924 1483 987 adnot.
1512 927 1573 998 53
1619 926 1883 986 Roscher
1927 926 2135 986 Selene
2176 946 2233 1004 p.
2258 928 2419 1003 48.1)
2506 927 2604 986 Ad
2650 925 2944 1003 Orphicos

685 1033 913 1105 spectat
969 1030 1030 1088 id
1090 1028 1245 1105 quod
1298 1028 1653 1088 Plutarchus
1712 1028 1785 1088 de
1845 1029 2226 1090 daemonibus
2279 1032 2316 1090 i.
2349 1048 2397 1090 e.
2453 1030 2526 1090 de
2586 1030 2794 1089 animis
2844 1031 2943 1087 lu-

686 1131 922 1192 naribus
981 1132 1152 1191 dicit:
1212 1149 1312 1191 eas
1370 1150 1489 1190 non
1548 1115 1801 1206 semper
1831 1111 2055 1190 versari
2106 1134 2167 1190 in
2219 1134 2362 1191 luna
2415 1131 2521 1192 sed
2574 1131 2940 1191 descendere

684 1235 748 1292 in
790 1238 1003 1295 terram
1046 1239 1111 1294 ut
1155 1233 1350 1294 adsint
1393 1235 1647 1294 oraculis
1692 1237 1750 1292 et
1795 1235 2087 1308 mysteriis
2131 1236 2203 1309 (c.
2239 1236 2318 1294 30
2362 1253 2418 1310 p.
2452 1235 2576 1293 944
2601 1236 2697 1310 D).
2770 1232 2938 1304 Quae

686 1339 882 1398 omnia
938 1337 1172 1398 abunde
1230 1342 1430 1414 putem
1489 1339 1606 1396 iam
1666 1336 1935 1397 sufficere
1993 1342 2056 1397 ut
2114 1339 2383 1397 evincam
2435 1338 2815 1397 Plutarchum
2873 1339 2941 1394 in

688 1459 815 1517 cap.
847 1443 925 1500 29
983 1445 1042 1501 et
1091 1441 1172 1500 30
1225 1439 1731 1515 Pythagoreorum
1784 1444 1961 1517 atque
2007 1438 2395 1517 Orphicornm
2448 1442 2745 1501 rettulisse
2798 1440 2939 1499 doc-

685 1545 900 1616 trinas3
945 1544 1048 1604 sed
1094 1561 1169 1603 ne
1213 1544 1583 1603 tenuissimus
1629 1561 1863 1618 quoque
1901 1546 2207 1620 scrupulus
2246 1543 2504 1618 haereat,
2549 1543 2761 1603 addam
2798 1544 2941 1602 alia.

683 1647 938 1708 Animae
1012 1648 1252 1706 lunares
1323 1647 1677 1722 perveniunt
1746 1664 1852 1722 per
1923 1648 2176 1706 alteram
2248 1664 2560 1705 cavernam
2632 1647 2692 1705 in
2757 1648 2939 1704 lunae

683 1750 952 1825 regiones
997 1767 1177 1824 quae
1250 1749 1327 1809 ad
1399 1750 1627 1808 caelum
1703 1753 2000 1827 spectant3
2073 1767 2173 1809 eas
2246 1751 2517 1826 regiones
2583 1749 2938 1808 Plutarchus

681 1840 986 1914 Ἠλύσιον
1051 1849 1291 1913 πεδίον
1356 1853 1625 1928 appellat
1692 1852 1765 1926 (c.
1797 1853 1877 1910 29
1930 1871 1989 1928 p.
2022 1852 2146 1911 944
2170 1851 2254 1928 C).
2363 1853 2455 1910 Ex
2521 1870 2699 1929 supra
2764 1851 2938 1911 dictis

681 1955 762 2034 (p.
801 1956 876 2012 10
902 1956 970 2029 s.)
1024 1955 1236 2014 scimus
1288 1955 1403 2012 iam
1458 1953 1878 2030 Empedoclem
1931 1954 2136 2013 iisdem
2184 1955 2519 2031 regionibus
2566 1955 2937 2031 asscripsisse

684 2059 1043 2131 singularem
1094 2057 1423 2131 puritatem.
1512 2058 1655 2115 Alio
1708 2057 1841 2115 loco
1888 2056 2241 2115 Plutarchus
2295 2057 2539 2116 eandem
2588 2058 2935 2116 sententiam

684 2160 920 2234 stringit
971 2159 1046 2218 cf.
1090 2163 1314 2233 quaest.
1357 2159 1521 2218 Rom.
1567 2176 1616 2217 c.
1643 2160 1753 2216 76:
1810 2153 1934 2220 Διὰ
1975 2157 2042 2220 τί
2085 2151 2205 2231 τὰς
2250 2155 2322 2220 ἐν
2365 2168 2506 2232 τοῖς
2549 2145 2935 2242 ὑποδήμασι

685 2257 1030 2343 σεληνίδας
1090 2253 1156 2321 οἱ
1215 2256 1554 2341 διαφέρειν
1613 2255 1977 2331 δοκοῦντες
2030 2248 2328 2344 εὐγενείᾳ
2382 2259 2753 2341 φοροῦσιν,·
2812 2251 2935 2320 πό-

682 2382 881 2444 τερον
941 2356 1034 2435 ὥς
1089 2357 1376 2441 Κάστωρ
1431 2376 1590 2443 φησι
1646 2362 1873 2438 (fragm.
1916 2363 1995 2420 25
2049 2364 2307 2422 Mueller
2358 2365 2419 2422 in
2472 2364 2607 2423 edit.
2652 2363 2933 2422 Herodot.

682 2466 860 2525 Dind.
905 2466 1071 2524 Paris
1120 2465 1308 2542 1877)
1373 2457 1721 2544 σύμβολόν
1780 2461 1918 2525 ἐστι
1977 2465 2187 2526 τοῦτο
2250 2463 2367 2548 τῆς
2428 2464 2782 2547 λεγομένης
2843 2459 2937 2526 οἰ·

680 2561 935 2652 κήσεως
987 2565 1099 2630 ἐπὶ
1151 2567 1272 2649 τῆς
1326 2560 1604 2649 σελήνης
1660 2565 1772 2629 καὶ
1826 2555 1931 2630 ὅτι
1982 2564 2147 2648 μετὰ
2197 2562 2325 2649 τὴν
2368 2562 2692 2653 τελευτὴν
2737 2549 2935 2641 αὖθις

685 2667 760 2732 αἱ
825 2669 1065 2752 ψυχαὶ
1132 2654 1278 2751 ἲτήν
1345 2665 1679 2754 σελήνην
1742 2664 1899 2732 ὑπὸ
1965 2665 2214 2744 πόδας
2280 2663 2613 2750 ἕξουσιν.
2728 2672 2933 2732 Castor

686 2774 952 2835 Rhodius
1012 2792 1183 2849 quem
1238 2772 1588 2832 Plutarchus
1650 2772 1762 2832 hoc
1820 2775 1956 2833 loco
2009 2778 2313 2850 provocat,
2374 2773 2931 2851 chronographus‚²)

686 2877 987 2938 Posidonii
1045 2878 1313 2953 aequalis
1371 2895 1441 2936 ac
1497 2874 1746 2935 fortasse
1788 2878 2032 2951 amicus,
2092 2877 2463 2954 disciplinam
2506 2877 2804 2953 professus
2848 2880 2935 2935 est

687 2981 1205 3056 Pythagoreorum.
1294 2977 1553 3049 Quorum
1609 2979 1887 3039 doctrinis
1933 2998 2063 3040 cum
2108 2980 2185 3038 ad
2230 2980 2675 3040 commentanda
2719 2981 2933 3039 abusus

686 3083 761 3142 sit
800 3084 1186 3141 Romanorum
1232 3082 1495 3139 instituta
1539 3083 1598 3139 et
1642 3098 1848 3154 mores,
1862 3083 1908 3157 3)
1955 3083 2128 3141 etiam
2168 3083 2515 3141 sententiam
2553 3082 2627 3141 ab
2668 3100 2737 3141 eo
2778 3080 2931 3158 apud

687 3184 1069 3244 Plutarchum
1152 3186 1443 3261 prolatam
1517 3201 1633 3258 qua
1706 3184 2135 3243 demonstratur
2207 3187 2430 3244 animas
2501 3186 2562 3243 in
2634 3185 2932 3243 lunaribus

687 3289 1022 3361 regionibus
1082 3286 1159 3345 ad
1216 3289 1446 3345 caelum
1500 3288 1684 3345 versis
1738 3288 1951 3346 morari
2004 3288 2391 3363 Pythagoreis
2445 3289 2766 3347 asscribere
2817 3304 2933 3344 non

690 3390 920 3461 dubit03
980 3408 1120 3465 ergo
1180 3391 1354 3449 etiam
1413 3406 1484 3447 ea
1543 3407 1694 3464 quae
1755 3390 2105 3448 Plutarchus
2165 3390 2263 3464 (de
2316 3390 2425 3449 fac.
2478 3392 2539 3447 in
2593 3389 2715 3448 orb.
2759 3392 2932 3448 lunae

689 3511 738 3552 c.
771 3495 849 3552 29
894 3511 950 3567 p.
984 3493 1108 3551 944
1132 3491 1200 3569 C)
1247 3493 1410 3551 dixit.
1439 3493 1721 3565 originem
1768 3492 2059 3550 duxerunt
2102 3512 2138 3551 a
2183 3492 2586 3568 Pythagoreis,

859 3597 938 3656 Ut
1006 3597 1122 3654 iam
1195 3613 1268 3654 ea
1341 3597 1801 3672 complectamur
1872 3613 2021 3670 quae
2089 3595 2394 3655 Plutarchi
2465 3597 2526 3653 in
2593 3592 2933 3669 detegendis

687 3699 946 3759 fontibus
1005 3699 1358 3771 invenimus,
1418 3700 1478 3755 in
1536 3700 1881 3775 universum·
1937 3697 2132 3757 dicere
2192 3715 2495 3775 possumus
2555 3696 2932 3757 Plutarchum

861 3902 904 3969 ¹)
950 3900 1031 3956 Cf.
1068 3904 1139 3955 et.
1176 3900 1319 3954 Plut.
1365 3900 1435 3954 de
1479 3898 1580 3955 fac.
1625 3900 1681 3953 in
1725 3900 1842 3955 orb.
1878 3899 1985 3954 lun.
2023 3917 2069 3954 c.
2095 3904 2158 3954 27
2196 3917 2249 3968 p.
2278 3905 2375 3955 942
2397 3900 2478 3968 D;
2525 3899 2805 3955 Iamblich.
2849 3914 2931 3968 ap.

688 3988 845 4041 Laut.
875 3987 1091 4055 Lydum
1125 3985 1219 4040 lib.
1257 3986 1326 4040 de
1362 4001 1532 4041 mens.
1561 3985 1642 4040 IV
1668 3990 1761 4039 149
1798 3989 1875 4055 (p.
1906 3990 2019 4056 167,
2045 3990 2099 4039 21
2122 4001 2164 4040 s.
2202 3986 2520 4053 Wuensch).

853 4075 898 4140 ²)
927 4072 1248 4141 Composuit
1268 4071 1667 4140 Apollodorum
1686 4077 1912 4127 secutus
1932 4071 1992 4124 X
1991 4066 2193 4141 ρονικά
2212 4069 2279 4126 cf.
2300 4070 2571 4127 Susemihl
2587 4069 2643 4125 ΙΙ
2659 4088 2714 4140 p.
2729 4075 2827 4125 365
2839 4086 2931 4137 ss.;

688 4156 1132 4212 Christ-Schmid
1168 4157 1308 4211 111⁵
1343 4174 1397 4227 p.
1424 4161 1535 4211 304.

860 4247 905 4311 ³)
942 4242 1023 4298 Cf.
1060 4242 1202 4297 Plut.
1240 4248 1453 4311 quaest.
1492 4244 1650 4297 Rom.
1690 4259 1735 4296 c.
1761 4248 1821 4297 10
1857 4259 1911 4312 p.
1938 4243 2105 4297 328D
2153 4237 2227 4296 τὰ
2254 4235 2547 4310 Ῥωμαϊκά
2582 4248 2705 4307 τοῖς
2740 4242 2932 4295 Πυθα-

691 4335 941 4403 γορικοῖς
977 4333 1318 4383 συνοικειῶν
1351 4327 1565 4398 (fragm.
1592 4332 1657 4383 24
1694 4328 1922 4383 Mueller
1957 4328 2085 4398 1.1.).

1990 4438 2027 4480 ὑ

3164 4830 3181 5091 1
