3251 5125
637 337 740 420 *30

826 510 1092 569 Breviter
1155 511 1436 584 attingam
1501 509 1745 568 Luciani
1806 501 2241 590 Λυχνόπολιν
2296 509 2431 570 Ver.
2470 509 2699 571 Narrat.
2738 507 2911 570 129:

653 607 1069 685 πλεύσαντες
1109 608 1179 673 δὲ
1218 604 1344 692 τὴν
1380 608 1706 674 ἐπιοῦσαν
1737 607 1946 673 νύκτα
1979 609 2089 673 καὶ
2120 605 2392 692 ἡμέραν,
2433 609 2585 692 περὶ
2618 606 2917 694 ἑσπέραν

655 703 1038 794 ἀφικόμεθα
1092 708 1157 788 ἐς
1211 707 1334 794 τὴν
1384 708 1815 793 Λυχνόπολιν
1871 711 2313 797 καλουμένην,
2365 705 2488 799 ἢδη
2541 708 2665 776 τὸν
2720 709 2913 776 κάτω

654 816 878 878 πλοῦν
952 810 1332 889 διώκοντες.
1409 811 1448 900 ἡ
1524 813 1596 878 δὲ
1666 811 1867 890 πόλις
1940 806 2113 900 αὕτη
2186 826 2400 880 κεῖται
2466 811 2714 898 μεταξὺ
2778 816 2911 879 τοῦ

655 912 1010 982 Πλειάδων
1064 917 1171 980 καὶ
1219 919 1342 980 τοῦ
1387 912 1648 982 ἹῙάδων
1694 914 1915 999 α’έρος,
1968 918 2407 1002 ταπεινοτέρα
2451 918 2684 1001 μέντοι
2729 911 2911 982 πολὺ

653 1020 778 1080 τοῦ
846 1017 1202 1102 ζῳδιακοῦ.
1273 1016 1653 1096 οἷποβάντες
1721 1017 1793 1082 δὲ
1862 1010 2243 1100 ἄνθρωπον
2304 1019 2428 1102 μὲν
2493 1011 2740 1084 ούδένα
2802 1009 2909 1083 εύ-

654 1141 878 1202 ρομεν,
941 1115 1226 1203 λύχνους
1288 1119 1358 1185 δὲ
1419 1114 1717 1196 πολλούς
1775 1121 2226 1205 περιθέοντας
2282 1123 2393 1188 καὶ
2450 1121 2523 1186 ἐν
2566 1122 2647 1204 τῇ
2692 1119 2910 1207 ἀγορᾷ

655 1221 766 1285 καὶ
825 1222 980 1303 περὶ
1037 1218 1161 1286 τὸν
1223 1223 1456 1306 λιμένα
1518 1222 2013 1305 διατρίβοντας,
2071 1221 2233 1298 τούς
2288 1223 2411 1306 μὲν
2461 1223 2743 1307 μικροὺς
2796 1225 2907 1288 καὶ

655 1314 877 1407 ὥσπερ
950 1324 1272 1409 πένητας,
1346 1315 1615 1408 ὀλίγους
1690 1323 1760 1390 δὲ
1824 1327 1970 1390 τῶν
2031 1324 2348 1409 μεγάλων
2414 1327 2526 1390 καὶ
2594 1325 2907 1392 δυνατῶν

654 1423 837 1490 πάνυ
903 1423 1248 1510 λαμπροὺς
1315 1426 1426 1490 καὶ
1487 1439 1900 1511 περιφανεῖς.
1972 1424 2255 1513 οἰκήσεις
2322 1427 2393 1493 δὲ
2460 1429 2688 1505 αὐτοῖς
2757 1433 2909 1512 λυχ-

656 1531 898 1604 νεῶνες
920 1532 964 1608 ¹)
1011 1527 1148 1616 ἰδίᾳ
1193 1525 1452 1614 ἑκάστῳ
1497 1530 1903 1615 πεποίηντο,
1964 1530 2075 1594 καὶ
2123 1529 2315 1594 αὐτοὶ
2361 1523 2662 1614 ὀνόματα
2707 1524 2909 1613 εἶχον,

655 1624 878 1713 ὥσπερ
923 1628 988 1695 οἱ
1035 1626 1425 1715 ἄνθρωποι,
1481 1631 1591 1696 καὶ
1639 1628 1879 1716 φωνήν
1922 1634 2344 1716 προϊεμένων
2388 1629 2745 1720 ἠκούομεν,
2794 1633 2910 1696 καὶ

655 1733 853 1799 οὐδὲν
902 1730 1070 1820 ἡμᾶς
1121 1734 1421 1820 ἠδίκουν,
1477 1730 1651 1798 ἄλλα
1707 1735 1817 1798 καὶ
1872 1733 1980 1798 ἐπὶ
2034 1736 2218 1822 ξενίᾳ
2235 1740 2285 1815 ²)
2339 1732 2664 1800 ἐκάλουν·
2726 1724 2911 1821 ἡμεῖς

655 1836 728 1902 δὲ
772 1829 951 1918 ὅμως
995 1832 1446 1919 ἐφοβούμεθα,
1499 1836 1610 1899 καὶ
1658 1830 1816 1900 οὔτε
1864 1837 2208 1922 δειπνῆσαι
2254 1832 2411 1902 ούτε
2455 1835 2765 1902 ὑπνῶσαί
2810 1859 2911 1912 τις

653 1937 849 2022 ἡμῶν
909 1935 1293 2024 ἐτόλμησεν.
1355 1935 1586 2022 α’ρχεῑα
1648 1938 1719 2003 δὲ
1778 1940 2003 2014 αὐτοῖς
2063 1939 2137 2002 ἐν
2193 1940 2357 2022 μέσῃ
2412 1943 2491 2022 τῇ
2543 1933 2743 2004 πόλει
2794 1963 2909 2004 πε·

653 2042 956 2126 ποίηται,
1017 2037 1188 2104 ἔνθα
1249 2036 1288 2104 ὁ
1351 2034 1576 2124 ἅρχων
1638 2031 1867 2103 αύτῶν
1924 2036 2037 2104 διὰ
2094 2036 2339 2117 νυκτὸς
2400 2032 2563 2126 ὅλης
2615 2037 2913 2126 κάθηται

657 2140 979 2225 ὀνομαστὶ
1038 2145 1269 2206 καλῶν
1328 2137 1648 2207 ἕκαστον·
1715 2132 1787 2218 ὃς
1849 2142 1909 2207 δ’
1970 2135 2052 2206 ἂν
2109 2139 2199 2226 μή
2260 2132 2649 2226 ὑπακούσῃ,
2709 2167 2914 2208 κατα-

657 2243 994 2326 δικάζεται
1054 2237 1438 2309 ἀποθανεῖν
1498 2238 1590 2321 ὡς
1653 2241 1874 2309 λιπών
1925 2241 2048 2332 τήν
2102 2242 2328 2326 τάξιν·
2388 2235 2425 2311 ὁ
2483 2246 2553 2311 δὲ
2607 2243 2913 2324 θάνατός

657 2347 793 2414 ἐστι
846 2350 1230 2434 σβεσθῆναι.
1283 2350 1709 2431 παρεστῶτες
1765 2347 1837 2412 δὲ
1882 2346 2065 2430 ἡμεῖς
2110 2343 2420 2432 ἑωρῶμεν
2464 2346 2549 2413 τὰ
2593 2346 2913 2433 γινόμενα

656 2453 766 2515 καὶ
833 2448 1172 2538 ἠκούομεν
1239 2442 1370 2532 ἅμα
1435 2453 1576 2514 τῶν
1646 2448 1911 2533 λύχνων
1980 2447 2556 2575 ἀπολογουμένων
2618 2451 2733 2516 καὶ
2792 2448 2916 2528 τὰς

655 2553 869 2630 αἰτίας
923 2550 1266 2637 λεγόντων
1321 2552 1408 2617 δι’
1452 2542 1528 2629 ἃς
1579 2550 1971 2636 ἐβράδυνον.
2028 2551 2200 2618 ε’νθα
2253 2553 2363 2617 καὶ
2418 2551 2544 2618 τὸν
2586 2553 2915 2642 ἡμέτερον

659 2653 909 2740 λύχνον
983 2654 1340 2739 ἐγνώρισα,
1412 2656 1525 2719 καὶ
1589 2674 1987 2739 προσειπων
2053 2647 2271 2721 αύτὸν
2335 2655 2491 2739 περὶ
2556 2659 2697 2720 τῶν
2762 2662 2919 2727 κατ’

659 2754 853 2825 οἶκον
905 2754 1395 2842 ἐπυνθανόμην
1449 2752 1638 2833 ὅπως
1693 2754 1937 2841 εχοιεν·
1993 2755 2030 2823 ὁ
2092 2759 2167 2823 δέ
2215 2780 2330 2841 μοι
2379 2749 2646 2824 άπαντα
2690 2757 2917 2831 ἐκεῖνα

659 2860 1044 2948 διηγήσατο.

727 2970 730 2973 ’
829 2986 1149 3045 Lucianum
1187 2984 1563 3061 perspicuum
1603 2988 1692 3043 est
1730 2983 1821 3044 his
1858 2985 2054 3044 verbis
2091 2984 2335 3044 irridere
2364 2986 2544 3044 totam
2576 2986 2917 3062 opinionem

657 3086 733 3147 de
784 3089 976 3147 stellis
1029 3094 1087 3146 et
1138 3088 1283 3163 ipsis
1336 3088 1546 3146 animis
1601 3091 1661 3145 et
1716 3088 2033 3145 animarum
2090 3088 2325 3147 sedibus
2378 3106 2484 3163 per
2527 3089 2769 3146 saecula
2812 3105 2917 3146 ex-

661 3192 908 3263 chltam3
963 3191 1172 3265 quibus
1225 3207 1362 3249 usus
1417 3191 1491 3248 sit
1541 3189 1803 3249 fontibus
1847 3207 2029 3264 usque
2075 3189 2151 3247 ad
2195 3189 2307 3248 hoc
2352 3195 2579 3265 tempus
2624 3191 2918 3249 incertum

661 3299 775 3365 est3
817 3294 1106 3352 nonnulla
1150 3296 1341 3351 antem
1388 3292 1503 3350 dici
1548 3299 1815 3368 possunt:
1860 3294 2208 3367 legis-enim
2254 3292 2408 3368 apud
2448 3292 2916 3368 Aristophanem

659 3398 722 3454 in
764 3413 892 3471 pac.
923 3396 1072 3454 838:
1121 3393 1298 3467 τίνες
1344 3388 1468 3475 γάρ
1515 3389 1745 3456 εἰσ’·οἱ’
1792 3391 2247 3476 διατρέχοντες
2293 3396 2401 3468 (=
2444 3399 2916 3454 transcurrentes

661 3497 735 3557 cf.
766 3499 937 3573 Verg.
968 3500 1119 3557 Aen.
1143 3498 1196 3555 V
1229 3498 1378 3568 5273
1434 3498 1506 3555 H.
1538 3515 1594 3555 v.
1625 3497 2011 3569 Herwerden,
2058 3497 2359 3572 Aristoph.
2402 3516 2522 3573 pax
2566 3498 2625 3557 ΙΙ
2677 3515 2733 3572 p.
2765 3498 2915 3573 146)

663 3590 929 3681 άστέρες
982 3595 1047 3661 οἱ
1102 3594 1421 3680 καόμενοι
1476 3597 1852 3674 θέουσιν,·3)
1906 3599 2064 3675 apud
2108 3600 2431 3658 Lucianum
2474 3601 2635 3677 (1.1.)
2682 3594 2917 3679 λύχνοι

836 3856 876 3924 ¹)
913 3828 1012 3908 καὶ
1049 3854 1366 3922 λυχνεῶνες
1403 3849 1579 3917 ΝίΙέη,
1617 3845 1814 3915 αὐτοῖς
1849 3855 2165 3920 λυχνεῶνες
2200 3851 2265 3906 G.
2286 3851 2570 3906 Wissowa.

831 3961 876 4025 2)
915 3950 1007 4011 ἐπὶ
1051 3956 1242 4021 ξενίας
1286 3956 1343 4009 Ω
1371 3955 1420 4007 Ρ
1459 3960 1516 4008 et
1559 3955 1615 4007 Γ
1634 3953 1730 4024 (22),
1779 3947 1869 4009 ἐπὶ
1917 3950 2068 4019 ξένια
2106 3954 2242 4010 Cob.
2269 3951 2451 4022 Nilen,
2499 3947 2589 4008 ἐπὶ
2628 3952 2784 4027 ξενίᾳ
2821 3952 2919 4005 Γ*

660 4043 949 4100 Wissowa.
1013 4044 1022 4051 “

833 4148 875 4216 ²⁵)
911 4145 1073 4201 Unde
1109 4161 1256 4215 nego
1286 4145 1522 4200 Bolliutn
1554 4149 1705 4199 recte
1738 4145 2029 4215 collegisse
2060 4143 2480 4213 Aristophanem
2512 4142 2697 4197 dicere
2726 4141 2923 4199 stellas

662 4232 924 4287 cadentes
973 4230 1266 4301 (Philoloy.
1299 4235 1365 4286 66
1411 4230 1507 4286 NF
1553 4236 1618 4284 20
1668 4229 1849 4301 [1907]
1896 4246 1950 4299 p.
1977 4231 2059 4297 2);
2118 4231 2320 4283 etenim
2363 4228 2598 4297 primum
2644 4228 2747 4281 Ion
2791 4227 2921 4296 ipse

659 4317 820 4375 stella
863 4319 1128 4373 matutina
1177 4322 1284 4387 est,
1334 4318 1460 4372 dein
1507 4323 1691 4371 autem
1739 4330 1880 4385 quae
1928 4330 2049 4370 cum
2098 4314 2176 4371 ita
2217 4315 2325 4369 sint
2367 4314 2529 4369 facile
2573 4330 2684 4369 non
2726 4320 2926 4383 potest
