3251 5125
717 365 799 422 28

714 536 1051 598 emittuntur
1103 537 1164 596 in
1210 533 1468 618 γένεσιν
1515 527 1832 621 ᾆττοντες
1856 537 1903 614 ¹)
1948 526 2171 618 ὥσπερ
2216 524 2509 619 ἀστέρες,
2562 539 2755 598 locum
2801 555 2972 615 spec-

713 641 841 700 tare'
877 637 954 698 ad
992 640 1280 716 Orphicos
1312 639 1835 716 Pythagor-eosque
1874 641 2172 715 explicavi
2203 639 2591 701 Dieterichius
2610 639 2971 717 ²)⁸Nekyia2

714 761 768 818 p.
797 742 935 816 123,
979 741 1056 802 cf.
1093 743 1341 802 Bousset
1382 739 1607 801 Archiv
1649 743 1759 817 fiir
1791 743 2256 818 ReliyionswiSS.
2294 743 2377 801 IV
2404 745 2441 801 3
2486 743 2705 820 [1901]
2744 759 2799 818 p.
2826 744 2974 816 250,

717 843 864 920 254,
919 844 1059 903 257.
1155 845 1464 905 Platonem
1525 843 1640 904 hoc
1698 846 1833 904 loco
1894 847 2183 921 cogitasse
2242 845 2315 904 de
2372 847 2567 906 stellis
2624 844 2975 907 cadentibus

714 950 990 1023 apertum.
1025 951 1129 1008 est.
1142 947 1191 1024 ³)

884 1050 1009 1109 Iam
1065 1052 1328 1126 quaestio
1383 1051 1560 1110 vertit
1609 1069 1674 1110 se
1718 1051 1797 1110 ad
1839 1050 2140 1110 Timarchi
2184 1047 2275 1124 εἰς
2327 1048 2725 1132 Τροφωνίου
2770 1044 2978 1113 κατά-

713 1153 908 1229 βασιν
969 1171 1144 1229 qnam
1201 1153 1262 1212 in
1316 1152 1622 1213 Plutarchi
1681 1153 1921 1229 dialogo
1980 1151 2133 1234 περὶ
2186 1153 2310 1215 τοῦ
2364 1147 2778 1234 Σωκράτους
2831 1151 2974 1216 δαι-

713 1253 958 1336 μονίου
997 1257 1279 1333 inscripto
1320 1258 1392 1331 (c.
1419 1257 1494 1314 21
1539 1274 1594 1331 p.
1621 1256 1937 1332 590Ass.)
1976 1255 2112 1316 dum
2142 1256 2554 1317 Thebanorum
2585 1261 2978 1333 praeparatur

715 1356 1032 1432 excidium,
1087 1359 1506 1419 coniurationis
1559 1360 1857 1436 particeps
1908 1359 2177 1421 Simmias
2232 1360 2583 1419 consociatis
2638 1364 2899 1419 enarrat:
2923 1360 2977 1436 4)

714 1462 945 1520 iuvenis
1000 1461 1155 1521 enim
1198 1461 1545 1522 Timarchus
1598 1465 1662 1521 ut
1706 1479 1858 1538 quae
1903 1463 1978 1522 sit
2019 1479 2086 1522 re
2129 1480 2271 1522 vera
2315 1461 2572 1522 Socratis
2618 1459 2978 1542 δαιμονίου

715 1567 925 1623 natura
989 1583 1026 1622 a
1092 1562 1474 1624 daemonibus
1541 1564 1794 1624 disceret
1850 1565 1912 1622 in
1970 1564 2300 1640 Trophonii
2356 1581 2594 1641 specum
2653 1564 2977 1625 descendit.

719 1668 880 1727 Duas
933 1671 1068 1743 post
1123 1671 1325 1727 noctes
1376 1685 1671 1743 unumque
1716 1667 1868 1726 diem
1913 1684 2181 1728 reversus
2224 1669 2386 1728 laeto
2432 1685 2531 1728 ore
2574 1667 2755 1727 refert
2796 1666 2975 1728 haec:

721 1771 974 1828 animam
1029 1787 1191 1828 suam
1246 1770 1345 1829 ubi
1399 1787 1639 1844 egressa
1690 1772 1765 1830 sit
1818 1787 1947 1829 cum
2003 1770 2301 1828 doloribus
2355 1787 2461 1846 per
2506 1764 2722 1850 ῥαφάς
2767 1772 2979 1846 capitis

719 1873 905 1949 (Ettig
957 1870 1359 1931 Aeherwntica
1410 1891 1467 1948 p.
1500 1874 1621 1931 329
1680 1873 1874 1932 adnot.
1909 1872 1970 1949 3)
2024 1874 2215 1932 statim
2272 1873 2617 1932 subvolasse
2669 1874 2732 1931 in
2776 1891 2974 1933 aerem

718 1993 952 2050 puram;
1012 1974 1150 2032 inde
1213 1991 1388 2050 snpra
1447 1974 1680 2049 quidem
1736 1993 1931 2035 aerem
1983 1976 2208 2035 insulas
2262 1975 2598 2051 suspexisse
2649 1977 2975 2051 permultas

719 2077 996 2136 mollibus
1029 2077 1279 2162 flammis
1311 2076 1607 2154 fulgentes
1638 2071 1909 2160 (νήσους
1940 2074 2012 2139 δὲ
2042 2074 2469 2158 λαμπομένας
2496 2076 2777 2158 μαλακῷ
2803 2074 2975 2157 πυρί

718 2181 759 2237 l.
791 2181 830 2236 l.
892 2195 939 2237 c.
973 2181 1052 2236 22
1111 2198 1167 2256 p.
1202 2179 1326 2239 590
1351 2180 1419 2255 Ο)
1486 2198 1733 2255 quarum
1798 2185 1957 2240 motu
2016 2180 2220 2240 aether
2276 2180 2493 2240 leniter
2550 2181 2975 2255 strepitaverit3

717 2281 871 2342 infra
923 2300 1064 2342 vero
1116 2281 1375 2342 hiantem
1431 2283 1648 2343 vidisse
1702 2285 2045 2360 voraginem
2096 2284 2434 2342 immensam
2486 2281 2643 2342 unde
2694 2284 2974 2358 querelae

720 2403 789 2444 ac
843 2388 1131 2446 clamores
1186 2385 1387 2444 audita
1440 2392 1573 2445 sunt
1627 2390 1686 2446 et
1737 2386 2034 2444 hominum
2080 2389 2136 2444 et
2179 2385 2525 2457 bestiarum;
2581 2384 2718 2445 dein
2762 2386 2975 2445 stellas

720 2506 781 2548 se
829 2489 1206 2566 conspexisse
1252 2491 1470 2548 multas
1516 2507 1669 2565 quae
1708 2489 2048 2565 voraginem
2088 2488 2304 2548 circum
2344 2489 2751 2559 volitaverint3
2796 2505 2973 2565 quae-

719 2594 943 2652 rentem
998 2596 1192 2651 autem
1236 2593 1611 2652 Timarchum
1669 2610 1953 2666 quaenam
2006 2592 2122 2650 sint
2174 2593 2387 2651 stellae
2438 2592 2583 2650 illae
2637 2609 2754 2653 vox
2800 2591 2975 2651 docet

720 2711 818 2753 eas
865 2712 992 2754 esse
1037 2693 1351 2753 daemones
1396 2695 1433 2752 i.
1466 2713 1514 2754 e.
1561 2694 1970 2753 defunctorum
2018 2695 2242 2753 animas
2285 2695 2358 2768 (c.
2392 2695 2471 2751 22
2519 2712 2573 2769 p.
2606 2694 2731 2752 590
2758 2692 2841 2768 G).

889 2797 1013 2855 Iam
1054 2814 1399 2871 quaeramus
1439 2795 1594 2856 unde
1635 2794 1731 2855 hic
1771 2795 2005 2871 mythus
2045 2796 2274 2856 duxerit
2309 2797 2608 2872 originem.
2669 2796 2976 2855 Nonnulla

895 3018 936 3084 ¹)
973 3010 1176 3091 ᾄσσειν
1213 3015 1283 3072 de
1318 3016 1493 3072 stellis
1532 3016 1601 3070 cf.
1632 3015 1877 3085 Euripid.
1906 3015 2023 3084 Iph.
2048 3014 2175 3070 Aul.
2201 3022 2229 3069 7
2246 3034 2257 3067 :

1340 3126 1568 3198 Σείριος
1605 3122 1778 3197 ἐγγύς
1811 3132 1913 3195 τῆς
1950 3119 2277 3195 ἑπταπόρου

1339 3206 1621 3276 Πλειάδος
1660 3206 1861 3287 ᾄσσων
1898 3205 1979 3265 ἔτι
2018 3203 2324 3281 μεσσήρης.

722 3324 805 3381 Cf.
843 3325 994 3380 Atat.
1030 3324 1225 3394 phaon.
1263 3328 1392 3379 926:
1446 3318 1540 3378 καὶ
1588 3317 1682 3378 διὰ
1731 3316 1909 3377 νύκτα
1959 3319 2232 3390 μέλαιναν
2281 3313 2373 3376 ὅτ’
2425 3315 2664 3394 ἀστέρες
2712 3316 2977 3387 ἀΐσσωσι,

659 3435 670 3447 ·
722 3410 794 3465 cf.
825 3410 981 3480 plura
1013 3426 1103 3480 ap.
1135 3409 1520 3479 spanhemium
1558 3408 1680 3466 Obs.
1712 3409 1777 3462 in
1809 3407 2022 3463 Gallim.
2056 3407 2240 3489 hymn.
2278 3408 2341 3462 in
2369 3407 2495 3463 Del.
2525 3426 2577 3462 v.
2599 3413 2663 3463 38
2694 3408 2771 3477 [II
2800 3425 2853 3478 p.
2872 3412 2974 3463 410

722 3496 981 3567 Ernesti}

891 3582 936 3650 ²)
980 3580 1060 3636 Cf.
1097 3580 1166 3636 A.
1201 3578 1732 3650 Bouche-Lcclercq
1782 3579 2072 3651 l'astroloy.
2109 3580 2352 3648 Grecque
2400 3596 2455 3647 p.
2482 3584 2544 3634 23
2598 3579 2829 3635 adnot.1
2880 3579 2976 3649 qui

722 3672 878 3737 putat
924 3667 1066 3721 hanc
1113 3666 1425 3735 opinionem
1469 3670 1721 3735 repetere
1766 3666 1922 3735 vulgi
1964 3665 2414 3734 superstitiones:
2463 3666 2587 3719 c’est
2625 3681 2733 3719 une
2766 3680 2978 3719 amorce

722 3770 795 3809 ou
840 3769 946 3807 une
992 3752 1254 3807 adhesion
1299 3756 1336 3807 ὰ
1381 3751 1651 3821 l'opinion
1686 3750 1940 3821 vulyaire
1973 3768 2073 3819 que
2110 3751 2185 3805 les
2221 3754 2366 3805 times
2400 3752 2526 3805 sont
2561 3750 2649 3804 des
2686 3750 2870 3805 etoiles
2906 3767 2977 3805 ou.

723 3855 824 3907 quc
859 3838 1096 3893 chao-unc
1131 3854 1168 3892 a
1200 3853 1300 3892 son
1335 3837 1505 3892 e'toilc.

894 3926 938 3993 3)
985 3924 1109 3979 Non
1161 3922 1445 3978 dissimilia
1497 3938 1638 3991 quae
1692 3939 1852 3979 nemo
1906 3922 2087 3977 adhuc
2140 3922 2283 3976 vidit
2334 3921 2483 3991 apud
2529 3921 2698 3977 Indos
2749 3921 2974 3991 reperis.

723 4010 894 4080 Apud
948 4025 1043 4065 eos
1095 4008 1304 4065 lacteus
1360 4010 1508 4065 orbis
1562 4014 1650 4065 est
1696 4010 1953 4065 deorsum
2002 4009 2092 4064 via
2137 4023 2245 4079 qua
2294 4009 2561 4064 bonorum
2610 4012 2665 4063 et
2710 4008 2974 4063 iustorum

723 4096 930 4151 animae
978 4094 1187 4164 lucent,
1244 4110 1343 4149 eae
1391 4100 1574 4149 autem
1623 4095 1753 4150 inde
1801 4094 1993 4150 stellae
2044 4095 2304 4150 cadentes
2350 4109 2561 4148 rursum
2610 4092 2875 4147 decidunt
2922 4092 2975 4145 in

722 4187 897 4238 terras
955 4186 1019 4237 ut
1076 4181 1256 4235 denuo
1311 4181 1367 4257 in
1429 4196 1660 4250 corpora
1718 4181 1919 4236 intrent
1972 4180 2043 4235 cf.
2089 4181 2156 4234 R.
2190 4178 2412 4234 Andree
2465 4177 2977 4250 Ethnoqraphische

723 4266 1036 4323 Parallelen
1066 4283 1124 4337 Vp.
1149 4271 1262 4334 112,
1297 4284 1350 4335 p.
1378 4272 1458 4321 46.

896 4354 938 4422 ⁴)
974 4350 1057 4408 Of.
1089 4351 1328 4408 Bousset
1362 4351 1451 4406 l.l.
1490 4368 1543 4420 p.
1571 4355 1687 4405 252.
